2984 4917
959 1262 1702 1402 *APPENDIX

441 1468 496 1525 Ι.
579 1467 1092 1523 CATALOGUS
1132 1469 1810 1544 PROVINOLARUM
1852 1470 2229 1529 ITALIAE.

384 1578 465 1641 In
511 1578 726 1642 codiee
771 1578 1182 1643 bibliothecae
1225 1580 1448 1665 reyiae
1483 1580 1891 1644 Matritensis
1920 1581 2000 1646 A.
2036 1582 2136 1662 16,
2178 1603 2344 1645 saec.
2378 1582 2457 1662 X,

209 1663 388 1725 inter
431 1663 628 1725 varia
659 1683 693 1724 o
747 1683 863 1726 era
893 1662 1375 1748 chronoloyica,
1419 1665 1869 1749 9e09raphica
1916 1663 2178 1750 aliaque
2222 1664 2457 1748 (Arch.

229 1744 423 1845 WJI,
455 1768 532 1829 p.
580 1744 659 1808 76
747 1749 884 1846 ΒΨ).
902 1745 972 1829 f.
1021 1744 1159 1809 190.
1221 1746 1430 1811 brevis
1486 1747 1731 1915 lssyitur
1781 1747 2019 1813 Italiae
2078 1748 2424 1832 descriptio
2436 1798 2457 1830 ,

210 1850 409 1976 {²33⁸
449 1826 802 1976 ἕθέἷῗέᾗῗῖ
827 1851 1143 1977 iham
1184 1832 1779 1999 ῗὲῗέἕῖαφῖιῗῖαἷὲ
1836 1832 2459 1999 ἴῖἱωῇἲῗθζαιαῖἒέἷῗ

208 1997 326 2060 sed
373 1998 523 2081 jam
565 1996 938 2059 Bethmann
997 1998 1194 2076 vidit,
1267 1998 1477 2060 Paulo
1536 2000 1941 2061 vetustiorem
1993 2021 2134 2061 eam
2178 2021 2330 2079 esse,
2376 2001 2455 2063 ab

209 2079 325 2143 illo
370 2083 788 2163 eoesc‘riptam,
832 2079 1178 2143 laudatam
1210 2086 1244 2163 (
1243 2079 1335 2162 II,
1366 2080 1450 2143 20
1449 2085 1484 2161 )
1517 2090 1575 2145 et
1605 2081 2055 2145 additionibus
2086 2102 2166 2143 eoe
2193 2080 2454 2145 Isidoro

197 2161 588 2247 plerumque
633 2163 889 2226 haustis
947 2173 1226 2227 auctam.
1313 2165 1615 2227 Attamen
1658 2164 2253 2247 Lanyobardorum
2308 2174 2454 2229 tem-

195 2268 405 2331 pore,
474 2248 866 2310 monasterio
924 2247 1240 2311 Bobiensi
1274 2248 1578 2331 fundato
1638 2246 1853 2330 (613),
1933 2272 2068 2312 com
2119 2250 2284 2311 osita
2343 2257 2451 2311 est.

209 2329 492 2395 Saeculo
522 2330 634 2394 XI.
681 2328 902 2394 Guido
945 2332 1118 2393 inter
1164 2331 1400 2394 Varias
1445 2332 1755 2395 historias
1787 2330 2019 2414 (Arch.
2148 2330 2203 2412 I,
2282 2377 2298 2393 .
2328 2331 2449 2395 537

207 2438 241 2478 s
288 2419 342 2496 .)
387 2413 800 2478 Bethmanno
843 2423 992 2478 teste
1036 2437 1177 2477 eam
1235 2436 1372 2477 rece
1424 2416 1474 2476 it
1521 2414 1669 2499 (fol.
1716 2414 1773 2477 7.
1820 2414 1957 2479 cod.
2000 2416 2231 2478 Bruoee
2256 2414 2455 2479 lensis

206 2438 338 2561 lgr.
369 2495 845 2579 3897—3918),
903 2496 1240 2561 nonnullis
1286 2521 1327 2561 a
1379 2499 1536 2563 ditis
1577 2499 1674 2562 vel
1716 2500 2003 2580 mutatis,
2064 2522 2231 2584 quae
2276 2522 2453 2563 nunc

209 2583 306 2645 ad
347 2604 586 2645 manus
630 2602 762 2644 non
788 2580 1096 2665 fuerunt.
2112 2580 2189 2648 G.
2234 2582 2326 2645 W.

735 2736 934 2801 Item
979 2734 1070 2799 de
1112 2736 1573 2822 provinciis
1616 2736 1927 2802 Italiae.

376 2856 594 2921 Prima
643 2856 978 2940 provincia
1033 2856 1323 2921 Venetia.
1430 2856 1595 2922 Sunt
1611 2868 1637 2899 θ
1694 2857 1885 2921 huius
1927 2857 2235 2923 Venetiae
2287 2858 2453 2923 infra

205 2940 533 3005 Veronam
576 2949 641 3003 et
680 2937 1086 3003 Vincentiam
1104 2940 1131 2981 ¹³
1174 2939 1510 3004 Patavium
1559 2963 1639 3005 ue
1670 2950 1734 3005 et
1760 2940 2094 3005 Mantuam
2138 2942 2449 3024 civitatee,

207 3046 323 3089 seu
369 3035 432 3089 et
472 3022 650 3086 alias·
738 3021 867 3087 Sed
908 3022 1076 3086 inter
1118 3043 1335 3087 omnes
1368 3024 1519 3110 Aqu
1568 3026 1667 3087 eia
1711 3024 1938 3087 civitas
1982 3024 2192 3087 extitit
2233 3034 2446 3110 caput,

251 3130 327 3172 ro
359 3129 486 3193 qua
513 3106 703 3170 modo
731 3127 903 3169 nunc
933 3105 1218 3170 Foroiuli
1246 3107 1336 3169 ita
1377 3106 1623 3171 dictum
1662 3116 1777 3188 est,
1822 3106 1994 3191 quod
2021 3105 2219 3170 Iulius
2250 3106 2450 3172 Cesar

233 3214 420 3256 orum
447 3189 896 3274 negotiationis
939 3188 1033 3253 ibi
1074 3198 1397 3255 statuerat.

380 3274 678 3341 Secunda
741 3273 1072 3357 provincia
1122 3272 1419 3357 Liguria3
1492 3274 1563 3336 in
1630 3294 1758 3358 qua
1814 3282 1910 3337 est
1978 3270 2444 3355 Mediolanum,

204 3358 538 3438 Ticinum,
596 3378 760 3441 quae
815 3354 939 3420 alio
989 3357 1246 3421 nomine
1288 3358 1382 3420 Pa
1428 3358 1491 3421 ia
1540 3379 1622 3442 ap
1673 3355 1913 3420 ellatur.
2006 3355 2189 3421 Haec
2242 3377 2448 3442 usque

205 3441 290 3505 ad
318 3440 891 3525 Langobardorum
936 3438 1094 3503 fines
1136 3448 1361 3525 proten
1407 3440 1555 3504 itur.
1674 3449 1816 3504 nter
1870 3438 2035 3502 hanc
2081 3448 2145 3503 et
2184 3438 2444 3504 Alama-

205 3546 433 3590 norum
493 3525 769 3607 patriam
824 3521 949 3587 due
1048 3524 1329 3588 rovincie
1373 3533 1539 3605 sunt,
1598 3522 1666 3586 id.
1709 3533 1806 3587 est
1847 3522 2077 3607 Reptia
2129 3524 2339 3607 prima
2382 3534 2447 3589 et

203 3610 302 3673 Re
351 3608 439 3671 tia
471 3606 770 3688 secunda,
800 3606 964 3671 inter
991 3545 1190 3693 lees
1234 3609 1613 3689 consistunt3
1657 3608 1725 3669 in
1754 3605 1987 3691 quibus
2016 3607 2273 3692 proprie
2302 3608 2448 3671 Reti

204 3692 290 3756 ha
335 3692 496 3755 itare
539 3701 906 3754 noscuntur.

378 3774 597 3839 Tertia
638 3774 972 3859 provincia
999 3770 1198 3858 Alpes
1230 3771 1453 3837 Cotiae
1498 3772 1813 3838 dicuntur.
1899 3772 2086 3837 Hanc
2114 3794 2154 3836 a
2180 3772 2448 3857 Liguria

204 3860 273 3921 in
319 3879 540 3921 eorum
581 3879 802 3920 versus
846 3880 922 3920 us
971 3878 1052 3920 ue
1095 3855 1179 3920 ad
1220 3878 1395 3920 mare
1438 3856 1797 3941 Tyrrenum
1841 3855 2205 3921 extenditur
2260 3866 2323 3920 et
2362 3857 2445 3921 ab

207 3941 475 4005 occiduo
534 3940 768 4005 finibus
835 3939 937 4005 Ga
985 3960 1164 4003 orum
1231 3950 1632 4025 conputatur.
1727 3940 1805 4003 In
1857 3938 1978 4003 hac
2032 3939 2273 4026 Aquis,
2331 3940 2445 4002 ubi

205 4047 414 4110 aquae
459 4023 701 4089 calidae
746 4032 920 4105 sunt,
967 4033 1031 4088 et
1073 4023 1360 4088 civitates
1396 4023 1687 4089 Dertona
1730 4034 1795 4088 et
1835 4024 2291 4088 monasterium
2321 4021 2444 4085 Bo-

205 4110 406 4189 vium,
452 4106 684 4172 Genua
726 4117 789 4171 et
833 4108 1045 4173 Saona
1085 4105 1416 4172 habentur.

380 4192 626 4272 Quarta
678 4192 1010 4276 provincia
1065 4190 1300 4254 Tuscia
1341 4201 1456 4259 est.
1559 4188 1737 4255 Haec
1778 4189 1971 4255 habet
2009 4190 2175 4253 intra
2218 4210 2284 4252 se
2327 4188 2444 4250 cir-

208 4352 256 4406 a)
291 4353 345 4404 83
375 4355 465 4397 cod.
517 4332 526 4340 ’
586 4350 635 4403 b)
667 4362 773 4395 unc.
803 4363 840 4395 e.

1864 4436 1930 4485 16
1954 4434 1978 4460 ¹*

2480 1293 2553 1348 Ἴ).
2588 1297 2690 1343 188.

2583 1580 2753 1669 ffilaff-
2789 1650 2817 1665 ..2
2848 1618 2877 1667 .-'.
