2984 4917
556 398 590 447 4
1014 390 1236 447 PAULI
1275 394 1625 445 HISTORIA
1661 390 2333 445 LANGOBARDORUM.

558 564 714 629 dam
771 571 829 625 et
891 563 1414 627 continuandam
1431 572 1475 624 ¹.
1590 560 1773 635 Quae
1838 584 1984 625 cum
2039 560 2172 626 alio
2232 561 2800 625 Monumentorum

555 648 881 713 volumine
939 646 1192 711 edenda
1250 649 1364 727 sit,
1425 645 1503 709 de
1564 647 1705 731 ejus
1764 645 2034 711 consilio
2094 653 2152 707 et
2205 644 2423 709 indole
2469 644 2572 708 hic
2616 644 2803 728 loqui

558 731 1070 817 supersedemus.

726 813 809 881 Si
849 814 1255 897 epitaphium
1284 811 1511 877 Ansae
1552 814 1846 899 reginae,
1890 814 2121 876 matris
2153 810 2585 897 Adelperqae,
2632 834 2803 897 quae

557 923 704 964 cum
758 900 904 962 viro
950 897 1299 961 Desiderio
1359 896 1512 961 eoeut
1569 897 1643 960 in
1691 897 2051 961 Franciam
2114 896 2397 959 abducta
2456 904 2600 960 erat
2608 944 2628 977 ,
2687 894 2805 959 sed

557 981 964 1067 sepulturam
1006 983 1082 1044 in
1118 982 1358 1065 patria
1397 990 1577 1044 terra
1622 990 1843 1062 nacta,
1888 989 2053 1043 recte
2096 979 2305 1043 Paulo
2348 980 2682 1059 tribuitur,
2726 980 2806 1043 in

558 1068 662 1130 his
706 1066 906 1129 annis
951 1062 1333 1129 collocanda
1378 1067 1500 1129 erit
1519 1075 1561 1127 ².
1649 1064 1809 1127 Alia
1853 1085 2101 1150 quoque
2154 1073 2309 1126 tunc
2361 1085 2505 1150 eum
2548 1084 2805 1147 compo-

559 1150 767 1213 suisse
824 1150 1156 1229 carmina,
1217 1148 1446 1235 qualia
1481 1150 1872 1233 posterioris
1918 1150 2063 1212 aevi
2112 1148 2460 1231 scriptores
2502 1148 2565 1209 ei
2619 1148 2807 1210 attri-

557 1233 796 1380 buum,
859 1232 1211 1297 verisimile
1274 1241 1394 1313 est,
1459 1254 1575 1297 nec
1630 1242 1843 1297 tamen
1904 1232 2063 1296 certi
2118 1231 2479 1316 quidquam
2522 1239 2809 1295 statuere

582 1320 762 1383 icet³.

725 1400 954 1486 Neque
997 1409 1386 1483 compertum
1416 1399 1742 1481 habemus,
1786 1409 2005 1463 utrum
2034 1408 2188 1462 tunc
2229 1401 2535 1481 temporis
2580 1420 2807 1462 sacros

548 1487 698 1570 jam
725 1506 866 1548 rece
919 1486 1042 1548 erit
1071 1484 1356 1565 ordines,
1444 1483 1638 1548 uibus
1672 1492 1909 1567 postea
1952 1505 2096 1546 eum
2138 1482 2459 1547 traditum
2486 1482 2803 1546 videmus.

568 1568 742 1633 Certe
795 1568 846 1632 li
887 1591 1014 1649 ros,
1061 1567 1296 1653 quibus
1353 1590 1394 1630 a
1486 1568 1829 1632 historiam
1872 1567 2243 1630 Romanam
2290 1566 2808 1649 componendam

563 1674 728 1735 opus
771 1661 932 1733 erat,
966 1650 1258 1735 facilius
1300 1654 1376 1715 in
1420 1653 1816 1717 monasterio
1873 1672 2069 1736 quam
2110 1652 2183 1714 in
2236 1649 2493 1733 palatio
2547 1672 2808 1733 compa-

561 1757 717 1798 rare
812 1744 1076 1799 oterat4.

736 1758 1222 1884 (seeleberrimum
1265 1840 1414 1883 vero
1458 1817 1630 1882 illud
1673 1818 1743 1882 S.
1786 1818 2131 1883 Benedicti
2183 1819 2651 1882 monasterium
2700 1818 2807 1880 in-

563 1924 828 1987 qressus
873 1912 991 1983 est,
1045 1902 1159 1968 ubi
1202 1904 1397 1967 etiam
1439 1902 1715 1967 Ratchis
1757 1924 1875 1965 reae
1917 1901 2081 1966 solio
2122 1900 2339 1986 reqali
2384 1901 2664 1986 dejectus
2707 1921 2810 1963 re-

543 1986 826 2072 fuyium
867 1988 1134 2051 invenit.
1203 1986 1342 2051 Nec
1371 1987 1579 2068 video,
1625 1986 1787 2072 quid
1813 1993 1991 2066 vetet,
2035 2008 2115 2050 ne
2145 1984 2427 2049 Paulum
2456 1987 2607 2071 jam
2650 1993 2810 2048 tunc

563 2092 778 2155 reqem
820 2079 1107 2135 secutum
1149 2091 1280 2134 esse
1323 2079 1690 2135 statuamus
1705 2078 1747 2132 ⁵.
1836 2066 2074 2150 ‘Exul·,
2128 2072 2361 2153 inops,
2413 2070 2675 2149 tenuis’,
2736 2076 2814 2131 ut

380 2173 547 2227 ·p.15.
565 2155 787 2239 ipsius
845 2156 1058 2219 verbis
1099 2162 1283 2243 utar,
1344 2177 1608 2217 carmen
1666 2154 1766 2216 ¹*in
1822 2150 2084 2217 laudem
2129 2154 2200 2217 S.
2244 2152 2589 2217 Benedicti
2639 2174 2808 2215 com-

570 2295 626 2364 1)
664 2298 911 2363 Epistola
947 2294 1278 2365 Adelperqae
1315 2298 1478 2348 missa
1509 2296 1745 2363 primum
1784 2314 1819 2347 a
1858 2295 2223 2361 Ohampollion
2248 2296 2319 2346 «in
2356 2294 2536 2346 Amati
2573 2292 2808 2347 editione

553 2388 616 2436 p.
648 2370 856 2433 XXIV,
887 2378 1014 2434 post
1052 2388 1087 2420 a
1123 2370 1476 2435 Papencordt‚
1520 2371 1703 2421 Gesch.
1744 2370 1799 2421 d.
1847 2370 2019 2420 Vand.
2056 2369 2382 2435 Herrschast
2408 2387 2472 2433 p.
2502 2368 2607 2419 398
2648 2366 2806 2435 (inde

564 2443 729 2493 Dahn
769 2461 834 2508 p.
878 2438 1005 2507 77),·
1049 2443 1366 2505 Endlicher‚
1422 2442 1595 2495 Gatal.
1646 2443 1759 2495 cod.
1806 2443 1943 2509 phil.
1994 2442 2150 2493 Vind.
2188 2442 2237 2504 I,
2277 2459 2341 2507 p.
2368 2442 2509 2503 306‚-
2555 2457 2729 2507 nuper
2770 2460 2809 2493 a

560 2515 780 2578 Hartel,
833 2512 943 2565 ΕΒ.
983 2515 1036 2565 d.
1081 2514 1152 2563 W.
1191 2515 1387 2577 Akad„
1425 2514 1638 2578 LXXI,
1680 2533 1744 2579 p.
1773 2516 1906 2577 294,
1954 2516 2102 2579 prelo
2156 2515 2385 2579 subjecta
2422 2523 2516 2567 est.
2558 2542 2615 2553 -
2662 2513 2807 2567 Ante

563 2606 616 2638 a.
661 2589 780 2639 774.
832 2586 1085 2653 scriptam
1124 2596 1288 2651 putat
1339 2588 1508 2639 Dahn
1545 2606 1609 2653 p.
1653 2589 1721 2637 14
1755 2605 1832 2653 sq.
1994 2585 2055 2654 2)
2086 2584 2275 2639 Annus
2312 2588 2494 2640 mortis
2530 2604 2639 2639 non
2677 2604 2802 2639 con-

562 2666 685 2712 stat.
759 2659 926 2710 Dahn
953 2678 1017 2724 p.
1058 2660 1146 2711 68.
1169 2661 1290 2727 jam
1325 2657 1478 2711 Ansa
1515 2660 1644 2712 viva
1682 2659 2020 2727 compositum
2046 2669 2226 2727 putat,
2273 2660 2339 2712 de
2376 2661 2547 2713 Paulo
2587 2668 2805 2714 auctore

562 2732 789 2785 dubitat.
939 2732 1000 2800 3)
1038 2733 1340 2784 Bethmann
1384 2751 1444 2799 p.
1487 2735 1612 2785 237.
1654 2733 1778 2786 290.
1816 2736 1944 2784 292.
1986 2734 2111 2785 293.
2144 2742 2153 2755 '
2187 2733 2286 2785 Ille
2327 2743 2518 2799 postea
2554 2734 2613 2784 in
2648 2734 2806 2785 semi-

561 2804 718 2857 nario
769 2806 1042 2858 Verulensi
1089 2805 1316 2858 codicem
1372 2824 1415 2859 s.
1439 2806 1543 2859 ΧΙ.
1580 2807 1796 2869 invenit,
1848 2806 1942 2873 qui
1990 2806 2129 2859 inter
2176 2808 2291 2857 alia
2341 2807 2531 2859 Versus
2570 2805 2629 2857 in
2653 2807 2804 2872 sesto

561 2878 622 2931 S.
663 2878 924 2931 Mercurii
959 2880 1230 2941 continuit,
1283 2897 1374 2945 ap.
1416 2879 1687 2931 Giovamni
1721 2880 1779 2931 in
1820 2880 1949 2931 libro
1990 2882 2054 2932 de
2092 2881 2263 2931 sancti
2298 2878 2445 2931 Actis
2483 2889 2531 2931 et
2568 2881 2808 2931 transla-

563 2951 704 3005 tione
744 2970 795 3003 a.
827 2953 987 3004 1730.
1026 2952 1163 3019 edito
1193 2970 1256 3017 p.
1285 2954 1374 3005 46.
1412 2952 1712 3019 impressos,
1754 2970 1884 3018 quos
1910 2954 2150 3021 fortasse
2188 2952 2353 3003 Pauli
2402 2970 2511 3005 esse
2548 2951 2804 3019 opinatus

564 3034 638 3077 est
647 3043 665 3085 ;
702 3025 842 3077 idem
879 3026 946 3077 de
983 3025 1106 3077 aliis
1144 3026 1214 3077 ib.
1247 3043 1308 3091 p.
1337 3026 1461 3078 248.
1502 3025 1656 3078 editis
1692 3027 1929 3078 versibus
1952 3027 2242 3095 judicavit.
2270 3054 2343 3063 —
2367 3026 2439 3077 In
2476 3026 2589 3078 cod.
2631 3024 2803 3095 Sany.

567 3098 668 3149 Nr.
701 3099 825 3161 573,
856 3116 920 3163 p.
948 3099 1073 3161 476,
1126 3098 1188 3151 V.
1232 3098 1307 3149 Gt.
1345 3100 1650 3151 Dummlero
1690 3108 1941 3163 monente,
1982 3117 2195 3153 carmen
2233 3100 2426 3167 leqitur
2460 3099 2803 3165 inscriptum:

563 3173 705 3225 Ante
755 3172 896 3223 fores
948 3172 1207 3223 basilicae
1225 3209 1238 3234 ,
1291 3172 1470 3225 eodem
1524 3172 1676 3225 modo
1726 3172 2039 3239 dispositum
2089 3190 2191 3239 quo
2242 3190 2424 3225 versus
2474 3171 2533 3223 in
2584 3174 2802 3226 laudem

565 3244 626 3297 S.
665 3244 959 3307 Benedicti,
1000 3246 1143 3312 quod
1180 3244 1258 3295 ita
1282 3245 1437 3311 finit.-

856 3320 1086 3369 Pectora
1121 3326 1300 3370 vestra
1336 3324 1520 3371 sonet:
1560 3336 1725 3387 parce
1764 3325 1818 3371 et
1854 3322 2124 3382 miserere,
2162 3334 2468 3387 precamur3

930 3393 1119 3455 Parce,
1160 3392 1388 3456 Christe,
1419 3394 1649 3457 Arichis,
1687 3399 1907 3460 pectora
1944 3398 2123 3444 vestra
2161 3398 2333 3444 sonet.

564 3465 684 3516 Hoc
721 3480 924 3530 quoque
964 3464 1134 3515 Paulo
1178 3465 1412 3516 adscribi
1450 3474 1643 3531 posset.
1818 3464 1877 3531 4)
1914 3464 2098 3516 Etiam
2134 3465 2455 3530 Eutropium
2492 3462 2802 3533 Adelperqa

567 3556 604 3589 a
640 3538 812 3589 Paulo
863 3544 1052 3587 nactus
1101 3545 1194 3589 est.
1345 3539 1400 3599 ὅ)
1451 3538 1538 3590 De
1590 3547 1817 3604 tempore
1868 3554 1969 3604 quo
2016 3538 2225 3589 Paulus
2278 3536 2531 3589 Casinum
2577 3539 2798 3601 venerit,

564 3609 705 3662 nihil
739 3618 996 3672 constare,
1035 3610 1338 3661 Bethmcmn
1375 3610 1520 3663 clare
1557 3612 1800 3677 exposuit
1825 3628 1888 3677 p.
1916 3610 2051 3672 238,-
2102 3627 2167 3662 ea
2202 3611 2448 3676 refutans
2490 3627 2627 3677 quae
2663 3612 2801 3677 Epi—

565 3682 808 3749 taphium
857 3691 904 3735 et
940 3684 1248 3749 Anonymus
1291 3680 1669 3735 Salernitanus
1718 3686 1953 3736 tradunt.
2030 3684 2262 3735 Paulum
2310 3700 2429 3735 cum
2477 3684 2799 3751 Adelperqa,

565 3756 838 3809 Desiderii
859 3755 999 3824 reyis
1009 3756 1152 3822 filia,
1180 3756 1539 3808 Beneventum
1566 3757 1785 3819 venisse,
1824 3757 1949 3808 inde
1978 3754 2228 3808 Casinum
2257 3756 2468 3821 adiisse,
2506 3757 2636 3808 satis
2664 3775 2800 3824 pro-

567 3828 755 3881 babilis
805 3827 1184 3881 Wattenbachii
1230 3838 1361 3881 esset
1406 3831 1729 3898 conjectura,
1784 3831 1831 3881 si
1879 3828 1947 3880 iis
1983 3830 2149 3896 fidem
2200 3830 2508 3882 haberemus
2556 3847 2693 3896 quae
2732 3832 2801 3883 de

565 3902 732 3955 Pauli
767 3900 937 3969 officio
974 3902 1033 3951 in
1071 3902 1200 3951 aula
1237 3901 1510 3953 Desiderii
1542 3903 1707 3968 refert
1747 3901 2039 3955 Chronicon
2065 3902 2481 3956 Salernitanum.
2561 3902 2712 3965 Quae
2753 3903 2804 3955 si

566 3975 884 4043 rejiciamus,
922 3991 1090 4041 neque
1125 3973 1478 4039 Epitaphium
1516 3992 1814 4042 sequamur,
1854 3993 1961 4027 non
1999 3984 2088 4040 est,
2142 3993 2238 4027 cur
2274 3994 2393 4027 cum
2428 3976 2647 4029 Dahnio
2686 3976 2801 4042 opi-

564 4064 770 4111 nemur,
809 4047 1042 4099 Paulum
1090 4048 1260 4099 serius
1311 4056 1517 4099 tantum
1566 4066 1631 4101 ex
1677 4048 1946 4101 saeculari
1990 4048 2105 4100 vita
2153 4050 2211 4100 in
2257 4049 2660 4103 ecclesiasticam
2715 4052 2806 4103 vel

563 4119 930 4173 monachicam
965 4138 1074 4173 esse
1114 4129 1518 4189 transgressum.
1604 4122 1801 4189 Ubique
1838 4123 2073 4175 animum
2098 4124 2287 4188 prodit
2324 4123 2512 4176 clerici.
2588 4122 2801 4176 Nihilo-

565 4194 740 4245 minus
777 4196 1059 4257 sententia,
1114 4212 1276 4260 quam
1307 4196 1590 4261 proposuit
1629 4196 1981 4261 G'iesebrecht,
2019 4197 2103 4248 De
2143 4198 2239 4249 litt.
2265 4198 2406 4248 stud.
2434 4215 2498 4261 p.
2528 4198 2613 4259 26,
2654 4206 2799 4249 stare

555 4274 748 4335 potest,
786 4267 1021 4321 Paulum
1043 4285 1152 4321 non
1186 4265 1246 4317 in
1281 4270 1597 4323 monasterio
1636 4270 1939 4322 liberalibus
1966 4270 2155 4321 studiis
2192 4286 2299 4322 esse
2336 4270 2665 4334 instructum,
2708 4272 2806 4323 sed

563 4344 742 4407 ipsum
767 4343 952 4409 potius
977 4344 1116 4396 inter
1139 4344 1392 4395 monacho
1420 4344 1774 4398 humanorum
1800 4344 2209 4411 disciplinarum
2232 4344 2433 4396 semina
2464 4344 2793 4409 dispersisse.
