2984 4917
461 417 684 470 PAULI
721 417 1073 471 HISTORIA
1110 420 1783 476 LANGOBARDORUM.
1860 424 2003 475 LIB.
2044 425 2151 477 111.
2323 428 2425 476 131

236 585 506 650 atr-icius
563 607 605 649 a
662 586 999 652 daemonio
1059 609 1188 652 non
1233 589 1511 655 iniuste‘*
1554 601 1885 688 correptus
1909 603 1949 672 ¹,
1994 613 2432 658 successorem
2451 609 2537 652 ass
2553 615 2628 653 vel
2647 613 2752 656 5⁹0.

177 607 548 733 Romanum
613 671 956 756 patricium
1015 673 1338 759 accipiens
1353 722 1370 755 ,
1435 672 2056 760 Constantinopolim
2106 678 2432 742 remeavit.

173 754 337 818 Post
365 753 527 818 haec
568 753 740 819 facta
765 765 864 820 est
891 755 1152 820 sinodus
1181 756 1405 821 decem
1436 759 1657 844 episco
1708 779 1890 822 orum
1918 759 1986 823 in
2013 758 2302 824 Mariano
2318 761 2365 802 Β·
2386 773 2430 844 ²,

175 835 295 900 ubi
359 848 743 924 receperunt
798 838 1105 906 Severum
1157 841 1589 926 patriarcham
1630 782 2131 928 Kquilegensem
2174 844 2433 910 dantem

171 919 467 986 libellum
521 924 752 986 erroris
811 925 912 987 sui
928 972 945 1007 ,
1004 925 1158 1009 quia
1207 926 1402 989 trium
1464 925 1893 1012 capitulorum
1951 925 2430 993 damnatoribus

175 1007 726 1072 communicarat⁰
777 1007 1142 1073 Ravennae.
1248 1008 1530 1073 Nomina
1598 1031 1749 1075 vero
1805 1011 2257 1097 episcoporum
2319 1014 2431 1099 qui

172 1111 246 1154 se
279 1088 366 1152 ab
397 1087 520 1154 hoc
551 1091 846 1158 scismate
868 1102 893 1138 ³
925 1090 1350 1158 cohibuerunt
1375 1090 1535 1158 haec
1567 1104 1747 1159 sunt:
1785 1096 2013 1160 Petrus
2045 1095 2125 1160 de
2153 1095 2371 1160 Altino
2383 1106 2430 1177 ⁴,

170 1304 218 1358 a)
256 1309 386 1348 iuste
418 1319 536 1348 corr.
568 1309 739 1350 iniuste
773 1309 815 1350 Gr
848 1313 888 1352 1.
926 1313 974 1360 23
1007 1323 1053 1361 p.
1089 1313 1273 1353 eosdem
1321 1313 1509 1354 omnino
1551 1313 1727 1352 iniuste
1768 1317 2003 1362 correptos
2032 1314 2069 1353 Ε
2105 1315 2127 1352 1
2161 1324 2182 1352 e
2212 1324 2352 1363 συνῆς
2383 1325 2430 1362 p.

169 1367 312 1406 adest
346 1369 537 1406 omnino
569 1368 688 1408 inste
719 1370 756 1408 F
791 1371 860 1409 2a.
982 1369 1030 1421 b)
1063 1371 1360 1411 Mauriniano
1395 1371 1436 1412 G
1467 1372 1537 1422 bc,
1567 1383 1683 1411 corr.
1714 1372 1960 1412 mauriano
1994 1371 2092 1423 (31,
2126 1377 2163 1411 et
2193 1373 2257 1412 ita
2291 1371 2332 1413 G
2363 1368 2429 1414 ⁶8.

174 1427 215 1467 2.
257 1425 334 1466 58..
370 1426 396 1466 Ι
429 1429 477 1475 1;
509 1426 690 1467 Marino
723 1427 764 1467 G·
797 1429 838 1470 3.
871 1430 926 1478 43
958 1430 1035 1471 vel
1066 1429 1277 1470 Arimino
1309 1431 1412 1470 add.
1445 1432 1494 1470 in
1524 1442 1661 1480 marg,
1692 1442 1806 1470 corr.
1837 1432 1874 1470 F
1909 1433 1949 1470 1.
2102 1428 2145 1482 c)
2178 1431 2429 1470 communi-

166 1489 308 1524 caret
337 1485 378 1523 F
413 1487 454 1536 1,
484 1486 654 1525 duabus
684 1487 837 1526 litteris
867 1494 968 1528 ante
999 1489 1252 1529 Ravennae
1284 1490 1436 1528 erasis.

161 1670 376 1722 scilicet
413 1679 534 1722 ante
587 1670 819 1722 medium
858 1690 909 1722 a.
953 1674 1078 1724 590.
1119 1673 1454 1740 Smaraydus
1500 1674 1767 1741 patricius
1808 1674 2311 1742 Constantinopolim
2347 1693 2429 1728 re·

167 1753 399 1796 vocatus
437 1761 785 1796 successorem
823 1745 1008 1797 habuit
1033 1747 1349 1798 Romanum.
1391 1747 1677 1815 Gregorius
1704 1748 1939 1816 Magnus
1980 1756 2171 1812 autem,
2210 1768 2263 1800 a.
2305 1752 2429 1800 590.

158 1817 323 1884 Sept.
355 1835 517 1883 papa
554 1826 904 1879 consecratus,
965 1820 1145 1871 eodem
1203 1821 1378 1871 adhuc
1436 1838 1579 1873 anno
1636 1839 1754 1874 cum
1795 1822 2040 1889 jussione
2094 1822 2429 1888 imperatoris

160 1889 436 1944 Severum
475 1889 850 1956 patriarcham
909 1892 1134 1943 Romam
1184 1893 1408 1954 vocavit,
1462 1903 1522 1945 ut
1558 1896 1633 1946 ibi
1668 1895 2029 1962 judicaretur.
2110 1893 2214 1957 Qui
2250 1897 2430 1947 statim

157 1983 296 2016 cum
332 1964 450 2015 suis
488 1962 745 2030 episcopis
784 1965 861 2017 ad
895 1964 1265 2031 imperatorem
1316 1967 1639 2032 appellavit,·
1690 1985 1907 2034 unaque
1942 1970 2053 2036 <ejus
2101 1969 2433 2036 suffraganei

155 2039 264 2090 sub
329 2037 710 2106 Lanyobardis
767 2039 1034 2090 constituti
1094 2039 1324 2091 libellum
1385 2042 1674 2107 supplicem
1735 2041 2046 2107 imperatori
2098 2041 2425 2105 diremerunt,

155 2129 326 2178 quem
365 2109 562 2162 videsis
610 2111 758 2176 apud
795 2112 1097 2163 Baronium
1154 2112 1254 2176 IX,
1295 2114 1431 2175 9043
1494 2114 1681 2164 Mansi
1716 2114 1783 2178 X,
1823 2115 1963 2174 463;
2029 2114 2207 2181 Troya
2247 2113 2295 2177 I,
2340 2116 2425 2178 79,

145 2191 420 2252 petentes,
461 2201 530 2235 ne
570 2185 640 2234 ad
677 2184 823 2236 illius
881 2185 1156 2249 iudicium,
1217 2184 1464 2254 G‘reqorii
1500 2186 1711 2252 scilicet,
1770 2192 2087 2254 cogerentur
2125 2204 2424 2250 occurrere,

153 2276 291 2310 cnm
334 2274 444 2322 quo
485 2273 650 2308 causa
686 2259 806 2324 ipsa
847 2275 965 2310 esse
1024 2259 1371 2325 dignoscitur,
1431 2267 1486 2312 et
1525 2261 1675 2311 cuius
1728 2262 2195 2311 communionem.
2228 2295 2245 2309 .
2272 2296 2285 2310 .
2327 2277 2423 2312 nos

150 2349 288 2384 cum
331 2333 480 2382 omni
513 2330 715 2397 populo
756 2333 1048 2397 evitamus3
1090 2334 1340 2398 quoniam
1380 2334 1460 2383 sic
1518 2334 1738 2384 accensi
1788 2339 1911 2384 sunt
1949 2350 2133 2384 omnes
2180 2333 2423 2385 homines

147 2406 412 2474 plebium
450 2409 751 2455 nostrarum
790 2406 845 2455 in
887 2421 1049 2457 causa
1085 2407 1204 2468 ista,
1245 2412 1304 2456 nt
1341 2413 1464 2457 ante
1504 2413 1725 2458 mortem
1766 2408 1993 2474 perpeti,
2032 2423 2191 2474 quam
2219 2408 2288 2458 ab
2329 2423 2421 2458 an·

145 2482 320 2546 tiqua
342 2477 619 2528 catholica
639 2479 916 2543 patiantur
942 2481 1314 2530 communione
1336 2479 1541 2533 divelli.
1580 2481 1701 2532 Hoc
1726 2485 1932 2532 tantum
1965 2480 2319 2548 deposcimus,
2347 2487 2421 2547 ut,

145 2551 710 2620 quia-misericordia
735 2551 843 2602 Dei
880 2553 936 2601 in
968 2552 1176 2604 meliori
1215 2558 1360 2603 statu
1398 2553 1594 2605 Italiae
1631 2560 1829 2620 partes,
1868 2554 2147 2605 laborante
2188 2553 2424 2605 fideliter

144 2627 407 2693 glorioso
445 2625 690 2675 Romano
728 2626 974 2690 patricie,
1015 2625 1279 2692 perduxit,
1335 2633 1388 2677 et
1427 2629 1695 2678 credimus
1734 2643 1833 2678 nos
1884 2627 2151 2691 celeriter,
2193 2626 2422 2679 devictis

141 2699 438 2767 gentibus,
499 2697 569 2747 ad
624 2699 902 2764 pristinam
957 2698 1262 2750 libertatem
1322 2699 1535 2764 deduci,
1576 2737 1591 2752 .
1620 2738 1635 2752 .
1665 2737 1680 2752 .
1718 2701 1825 2752 sint
1876 2700 2146 2765 induciae,
2208 2707 2262 2751 et
2300 2716 2421 2751 cum

141 2775 406 2826 iussione
445 2777 626 2822 vestra
681 2773 854 2838 parati
911 2773 1106 2822 erimus
1144 2772 1216 2823 ad
1272 2773 1442 2838 pedes
1498 2780 1713 2825 vestrae
1771 2775 1987 2840 pietatis
2044 2789 2343 2834 occurrere⁴
2367 2781 2421 2825 et

140 2853 382 2899 nostrae
422 2844 553 2894 fidei
604 2843 821 2910 plenam
870 2845 1097 2896 reddere
1146 2847 1427 2898 rationem.
1520 2845 1725 2909 Quibus
1770 2847 2053 2915 indulgens
2105 2846 2419 2911 Mauritius,

140 2917 423 2986 G'reqorio
459 2917 758 2983 rescripsitz
799 2918 938 2981 Quia
975 2926 1067 2970 tua
1106 2921 1364 2970 sanctitas
1403 2923 1687 2986 cognoscit
1720 2926 2059 2987 praesentem
2096 2937 2271 2972 rernm
2310 2920 2420 2971 Ita·

136 2996 391 3046 licarum
432 2991 800 3042 confusionem
858 2998 913 3043 et
951 2991 1095 3058 quod
1154 2999 1365 3058 oportet
1418 2995 1747 3060 temporibus
1797 2999 2163 3061 competenter
2200 2995 2419 3053 versari,

135 3069 430 3127 iubemus,
479 3071 627 3115 tuam
675 3066 1015 3116 sanctitatem
1065 3065 1370 3116 nullatenus
1420 3066 1721 3117 molestiam
1775 3067 1853 3117 eis
1889 3067 2101 3128 inferre,
2157 3067 2254 3117 sed
2288 3081 2417 3117 con-

137 3142 362 3192 cedere
405 3153 498 3188 eos
537 3139 736 3189 otiosos
789 3153 925 3189 esse.
999 3137 1092 3188 Ita
1120 3155 1226 3202 pro
1278 3146 1506 3202 tempore
1556 3156 1639 3190 res
1678 3137 1891 3203 quievit.
1975 3137 2186 3189 Paulus
2224 3147 2415 3199 autem,

138 3207 418 3280 Gregorii
456 3209 753 3261 admirator
791 3218 839 3261 et
877 3211 1026 3277 cujus
1065 3210 1130 3261 de
1153 3211 1270 3274 fide
1318 3211 1615 3262 orthodoxa
1651 3228 1760 3261 ‘nou
1797 3218 1873 3260 est
1924 3210 2186 3273 dubietas,
2236 3209 2295 3260 in
2333 3211 2416 3262 his

132 3295 338 3340 tamen
377 3292 560 3349 aperte
600 3292 647 3335 et
685 3283 913 3335 candide
939 3301 974 3333 a
1007 3281 1254 3348 partibus
1292 3291 1397 3334 stat
1421 3282 1889 3350 Aquileqiensium‚
1927 3281 2113 3335 Severi
2147 3284 2215 3334 de
2247 3300 2415 3334 causa

131 3357 430 3413 communi
466 3355 918 3424 Aquileqiensium
953 3356 1294 3423 defectionem
1319 3359 1518 3408 scisma
1544 3374 1739 3409 vocans
1766 3365 1921 3423 atque
1959 3373 2205 3408 errorem.
2285 3356 2414 3408 Gre-

129 3432 305 3503 gorio
348 3447 474 3481 vero
515 3437 564 3480 et
601 3429 860 3481 Romanis
899 3430 1184 3480 scismatici
1219 3439 1346 3480 sunt
1379 3429 1489 3495 ipsi
1526 3429 1939 3496 Aquileyienses,
1994 3447 2052 3481 eo
2090 3430 2233 3496 quod
2268 3431 2411 3482 ‘nole-

131 3510 285 3559 bant
327 3503 483 3570 sequi
523 3502 889 3554 auctoritatem
921 3509 968 3554 et
1018 3503 1310 3568 exemplum
1334 3503 1647 3570 pontificum
1684 3503 2064 3566 Romanorum,
2117 3504 2208 3569 qui
2237 3502 2413 3570 primo

129 3583 202 3634 ob
249 3575 569 3630 Justiniani
591 3574 885 3644 jussionem
923 3583 972 3627 et
999 3577 1338 3642 postmodum
1375 3576 1436 3627 ob
1478 3594 1672 3642 pacem
1723 3577 1967 3629 ecclesiae
2018 3574 2125 3627 tria
2174 3579 2414 3644 capitula

128 3671 259 3706 non
307 3650 528 3717 quidem
565 3649 912 3712 damnarunt,
951 3649 1047 3701 sed
1081 3666 1262 3702 eorum
1297 3649 1704 3702 damnatoribus
1754 3649 2221 3702 communicarunt.
2299 3653 2412 3702 BE.

131 3727 200 3794 1)
247 3723 352 3775 ‘In
390 3739 514 3775 voce
552 3740 750 3788 sparsa
760 3723 868 3790 fra
897 3725 952 3774 la
979 3723 1150 3788 plebe,
1193 3740 1218 3774 e
1243 3723 1410 3774 Paolo
1436 3740 1598 3789 prese
1624 3741 1739 3774 una
1764 3725 1844 3774 tal
1878 3722 2083 3774 diceria
2109 3741 2216 3789 per
2255 3724 2416 3777 buoni

124 3795 362 3854 danari
399 3795 670 3848 comanti'.
697 3798 871 3849 MUR.
949 3795 1247 3849 Revocatus
1269 3795 1390 3859 fuit
1428 3805 1551 3848 ante
1587 3796 1817 3848 medium
1844 3815 1892 3847 a.
1934 3796 2041 3846 590
2057 3814 2075 3857 ‚·
2114 3806 2238 3850 tunc
2277 3799 2413 3850 enim

124 3875 443 3926 Romanus
481 3871 593 3938 eius
631 3887 898 3922 successor
920 3869 1040 3936 jam
1091 3869 1364 3936 epistolam
1417 3867 1628 3935 scripsit
1676 3871 1752 3922 ad
1802 3868 2207 3935 Okildebertum,
2264 3870 2416 3937 apud

126 3942 536 3999 Duchesnium
573 3942 621 4006 Ι,
663 3944 802 4004 871,·
853 3942 1026 4009 Bouq.
1066 3942 1106 3993 I
1113 3943 1170 4007 V,
1209 3943 1312 4004 86;
1371 3942 1549 4010 Troya
1583 3942 1633 4005 I,
1688 3945 1775 3994 64.
1813 3944 1927 3994 BE.
2078 3942 2138 4011 2)
2177 3944 2411 3997 Marano

111 4035 327 4090 prope
378 4016 642 4080 Venetias,
681 4017 740 4066 i‘n
779 4015 1012 4082 Laywna
1068 4017 1157 4069 del
1192 4016 1386 4068 Friuli.
1478 4015 1617 4066 Acta
1674 4017 1831 4084 hujus
1888 4015 2082 4084 synodi
2132 4017 2412 4082 deperdita

122 4097 313 4152 suna·
354 4089 424 4140 de
461 4106 528 4142 ea
565 4098 782 4158 eqerwnt
821 4088 1071 4141 Norisius
1110 4090 1176 4141 de
1214 4090 1401 4154 quinta
1437 4089 1640 4156 synodo
1677 4089 1778 4153 IX,
1824 4091 1882 4150 1,·
1920 4088 2125 4157 Paqius
2165 4095 2214 4140 et
2251 4089 2410 4140 Man-

117 4169 258 4222 sius
307 4163 386 4214 ad
411 4163 618 4216 Baron.
659 4181 714 4214 a.
743 4163 881 4223 590,·
918 4163 1003 4214 De
1041 4160 1255 4224 Bubeis,
1294 4163 1440 4214 Mon.
1481 4159 1663 4228 Aqwil.
1703 4181 1747 4215 c.
1789 4163 1877 4214 29.
1936 4164 2051 4214 BE.
2201 4159 2262 4227 3)
2300 4163 2337 4213 i.
2366 4180 2411 4214 e.

119 4236 417 4295 scissione
473 4236 614 4288 iuter
663 4234 930 4302 episcopos
994 4233 1323 4302 Aquileqiae,
1393 4252 1621 4302 eousque
1678 4237 1738 4286 in
1786 4234 2023 4287 vit-andis
2062 4235 2223 4286 trium
2259 4236 2410 4300 capi·
2487 4247 2506 4270 ·

119 4315 397 4367 culorum
454 4310 857 4362 damnatoribus
914 4310 1213 4373 concordes,
1271 4317 1331 4360 ut
1383 4315 1520 4361 recte
1575 4310 1805 4376 explicat.
1859 4308 1944 4360 De
2000 4305 2216 4359 Bubeis.
2291 4309 2408 4362 ΒΕ.

117 4391 188 4456 4)
241 4382 444 4436 Altino
473 4399 642 4449 prope
688 4382 929 4435 Torcelli.

1877 4481 1948 4532 9.
