2984 4917
551 373 651 421 112
838 371 1060 423 PAULI
1099 371 1444 424 HISTORIA
1483 369 2158 434 LANGOBARDORUM.
2235 373 2377 424 LIB.
2419 373 2526 423 III.

344 559 421 616 η..
460 565 529 606 ea.
657 541 1078 618 *INCIPIT
1130 541 1692 618 HISTORIAE
1745 541 2692 618 LANGOBARDORUM

1251 643 1558 718 LIBER
1609 643 2070 720 TERTIUS.

420 755 524 797 ⁵⁷4·
715 745 771 806 1.
856 742 1065 828 Igitur
1084 755 1101 788 ¹
1163 741 1247 806 ah'
1294 742 1474 807 uanti
1536 764 1621 805 ex
1675 742 1949 808 ducibus
2000 741 2576 827 Langobardorum
2639 764 2787 806 cum

541 825 755 892 valido
801 826 1085 891 exercitu
1129 824 1233 890 Ga
1278 849 1369 890 ias
1410 825 1874 910 ingrediuntur.
1959 827 2213 890 Horum
2231 837 2254 870 ²
2297 825 2650 891 adventum
2694 828 2796 890 vir

538 911 667 976 Dei
696 910 1053 998 Hospitius,
1087 912 1198 996 qui
1228 921 1386 997 aput
1399 915 1451 952 ³*
1480 911 1784 975 Niceam³
1815 921 1952 976 erat
1979 908 2303 974 inclausus
2317 921 2361 993 ⁸,
2406 918 2632 975 sancto
2663 909 2790 974 sibi

538 994 860 1060 revelante
916 995 1179 1080 Spiritu,
1243 993 1432 1081 longe
1497 1005 1644 1060 ante
1706 994 2024 1080 praevidit
2085 994 2540 1080 eiusdemqueb
2609 995 2794 1060 urbis

542 1078 811 1161 civibus,
869 1099 1033 1165 quae
1089 1076 1259 1142 mala
1312 1080 1711 1161 inminerent,
1769 1079 2151 1165 praedixitb.
2243 1078 2406 1142 Erat
2462 1078 2636 1142 enim
2694 1079 2796 1142 vir

541 1163 661 1227 iste
704 1183 976 1248 magnae
1019 1161 1441 1227 abstinentiae
1485 1174 1550 1228 et
1593 1162 1944 1249 probabilis
1987 1164 2180 1246 vitae3
2237 1163 2350 1248 qui
2405 1163 2792 1226 constrictus

541 1246 663 1310 adc
707 1268 966 1311 carnem
997 1246 1280 1311 cathenis
1324 1245 1545 1310 ferreis
1609 1247 1832 1312 induto
1863 1248 2142 1334 desuper
2171 1249 2396 1331 cilicio,
2443 1249 2578 1314 solo
2620 1268 2792 1336 pane

542 1331 610 1394 in
668 1330 812 1396 cibo
868 1352 1014 1394 cum
1066 1331 1289 1416 paucis
1344 1296 1656 1396 dactusisd
1701 1332 2019 1397 utebatur.
2105 1333 2182 1397 In
2241 1332 2470 1399 diebus
2528 1343 2793 1398 auteme

545 1413 1072 1501 quadragesimae
1102 1413 1425 1479 radicibus
1454 1413 1800 1479 herbarum
1822 1415 2312 1503 Aegyptiarum,
2343 1416 2578 1503 quibus
2607 1417 2794 1482 here-

456 1519 464 1526 ·
542 1500 735 1563 mitae
778 1510 1059 1580 utuntur,
1106 1498 1512 1564 exibentibus
1556 1499 1679 1564 sibi
1713 1499 2237 1584 negotiatoribus,
2279 1500 2589 1566 alebatur.
2666 1503 2800 1566 Per

544 1583 714 1647 hunc
768 1583 1090 1646 Dominus
1144 1604 1409 1681 magnas
1463 1584 1728 1648 virtutes
1783 1585 2036 1670 operari
2087 1585 2388 1670 dignatus
2445 1597 2560 1668 est,
2622 1609 2796 1670 quae

548 1667 825 1751 scriptae
882 1666 1197 1732 habentur
1252 1690 1319 1730 m
1375 1666 1582 1730 libris.
1616 1667 1998 1732 venerabilis
2052 1669 2176 1734 viri
2231 1667 2531 1754 Gregorii
2585 1670 2798 1735 Turo-

543 1750 796 1814 nensisf
848 1751 1064 1836 episco
1113 1751 1155 1812 i.
1240 1751 1447 1835 Igitur
1500 1751 1597 1815 vir
1653 1750 1772 1816 iste
1829 1760 2084 1816 sanctus
2137 1752 2481 1818 adventum
2529 1751 2801 1853 Lango-

543 1833 889 1900 bardorum
944 1835 1008 1897 in
1054 1773 1295 1899 gallias
1337 1834 1458 1900 hoc
1505 1835 1696 1900 modo
1750 1835 2103 1922 praedixit:
2161 1837 2492 1920 ‘Venient’,
2536 1839 2798 1924 inquld,

544 1917 973 2004 ‘Langobardi
1028 1919 1096 1981 in
1149 1917 1389 1984 Gallias
1448 1929 1512 1984 et
1565 1919 1991 1985 devastabunt
2044 1923 2329 1986 civitates
2388 1931 2657 2021 septem,
2713 1943 2800 1987 eo

545 2002 719 2088 quod
775 2003 1116 2068 increverit
1172 2001 1413 2067 malitia
1473 2025 1692 2068 eorum
1751 2005 1818 2066 in
1879 2015 2224 2091 conspectu
2279 2005 2565 2070 Dommi.
2670 2006 2803 2073 Est

544 2089 713 2151 enim
767 2087 970 2151 omnis
1037 2109 1121 2172 po
1169 2085 1310 2150 ulus
1368 2088 1662 2173 periuriis
1707 2087 1991 2170 deditus,
2050 2088 2234 2153 furtis
2279 2091 2594 2155 obnoxius
2613 2139 2629 2171 ,
2691 2114 2800 2156 ra-

541 2171 709 2269 pinis
765 2172 1075 2253 intentus,
1181 2170 1498 2234 omicidiis
1555 2193 1742 2257 prum
1792 2183 1892 2236 tus
1917 2185 1973 2256 35
2038 2174 2105 2236 in
2170 2173 2400 2261 quibus
2457 2175 2630 2239 non¹¹
2693 2186 2804 2241 esi:

541 2255 822 2320 iustitiae
877 2254 1151 2320 fructus:
1217 2275 1343 2318 non
1402 2254 1688 2319 d'ecimae
1785 2267 2003 2338 antur,
2078 2280 2209 2322 non
2257 2281 2507 2346 pauper
2558 2259 2796 2343 alitur,

540 2360 670 2402 non
714 2341 951 2423 tegitur
992 2339 1223 2420 nudus,
1265 2360 1396 2403 non
1432 2340 1780 2424 suscipitur
1821 2342 1937 2405 hos
1985 2343 2098 2406 itio
2148 2346 2541 2428 peregrinus,
2627 2343 2801 2408 Ideo

542 2420 702 2486 haec
760 2423 991 2507 plaga*
1050 2431 1318 2486 ventura
1370 2434 1467 2489 est
1521 2445 1714 2509 super
1766 2445 1940 2510 popu
1967 2449 2075 2490 um
2137 2426 2366 2491 istum'.
2451 2426 2800 2493 Monachis

545 2527 801 2591 quoque
843 2507 975 2570 suis
1063 2507 1417 2592 raecipiens
1460 2507 1656 2572 dixit:
1707 2507 2072 2575 ‘Abscedite
2117 2520 2179 2575 et
2218 2533 2334 2576 vos
2377 2532 2415 2573 a
2457 2511 2600 2576 loco
2645 2514 2803 2597 istc,

542 2589 897 2654 auferentes
942 2612 1022 2654 vo
1069 2590 1275 2654 iseum
1318 2593 1518 2704 (auaei
1563 2591 1830 2660 habetiS.
1917 2594 2091 2660 Ecce
2141 2595 2312 2658 enim
2353 2618 2511 2680 gens
2556 2617 2803 2682 appro-

544 2675 719 2759 piatk
824 2694 975 2737 uam
1032 2674 1327 2759 praedixi
1349 2723 1363 2736 .
1449 2676 1835 2742 Dicentibus
1893 2690 2108 2744 autem
2163 2677 2313 2744 illis:
2381 2679 2543 2743 ‘Non
2597 2679 2800 2744 relin-

588 2758 800 2820 uimus
880 2768 961 2839 te,
1019 2758 1419 2840 sanctissime
1470 2763 1688 2845 pater',
1746 2761 1862 2825 ait:
1919 2762 2150 2828 ‘Nolite
2206 2765 2430 2828 timere
2486 2787 2604 2850 pro
2665 2787 2800 2831 me.

1817 2846 1830 2860 0
1884 2847 1898 2860 Ο
1945 2847 1962 2861 d
2016 2847 2031 2862 Ο

602 2851 858 2904 uturum
902 2852 999 2906 est
1043 2843 1233 2924 enim,
1290 2854 1361 2907 ut
1416 2843 1692 2908 inferant
1745 2845 1902 2908 m1h1
1943 2849 2228 2930 iniurias,
2272 2847 2385 2912 sed
2427 2870 2558 2912 non
2601 2871 2800 2915 noce-

543 2924 704 2989 bunt
745 2947 821 2988 us
868 2947 949 2989 ue
992 2925 1076 2989 ad
1118 2929 1422 2992 mortem'.

712 3009 771 3072 2.
926 3008 1355 3074 iscedentibus
1381 3022 1405 3057 ⁵
1470 3022 1685 3076 autem
1737 3013 2085 3096 monachis,
2145 3015 2410 3080 advenit
2465 3019 2796 3083 exercitus

540 3091 1120 3177 Langobardorum
1132 3105 1176 3158 θ.
1274 3094 1403 3175 Qui
1450 3095 1605 3159 dum
1663 3106 1894 3161 cuncta
1943 3120 2107 3184 quae
2158 3110 2526 3186 reppererat
2577 3109 2796 3167 vasta-

542 3342 607 3395 α’)
641 3345 763 3394 apud
810 3345 851 3384 A
884 3347 924 3388 1.
954 3346 991 3384 F
1024 3349 1045 3386 1
1080 3358 1421 3398 nonnumquam.
1601 3347 1646 3398 a)
1680 3349 1888 3388 inclusus
1937 3349 1976 3389 A
2009 3347 2069 3390 *2.
2103 3352 2148 3392 5.
2195 3354 2238 3392 D
2273 3353 2313 3392 3.
2360 3353 2456 3394 Fa.
2489 3353 2530 3394 5.
2582 3352 2624 3393 G
2659 3354 2794 3394 διδ.

542 3403 645 3445 Η1.
676 3404 697 3441 1
731 3404 771 3443 1.
810 3405 851 3445 2.
884 3405 925 3444 3.
1032 3405 1081 3456 b)
1115 3407 1171 3447 el.
1208 3429 1260 3437 -
1290 3407 1526 3457 praedixit
1567 3408 1652 3450 des.
1689 3406 1730 3449 G
1765 3409 1784 3447 1
1821 3407 1936 3461 (poet
1966 3409 2146 3462 suppl).
2180 3412 2220 3452 2.
2255 3411 2327 3452 59..
2361 3411 2407 3452 b.
2439 3422 2478 3452 c.
2602 3409 2645 3462 c)
2681 3413 2796 3452 decet

543 3461 594 3502 Ο.
625 3462 684 3502 D.
719 3483 769 3492 -
808 3473 991 3502 carnem
1036 3476 1153 3504 corr.
1200 3475 1337 3505 carne
1382 3467 1425 3505 D
1461 3467 1501 3517 1,
1548 3471 1586 3504 et
1632 3467 1697 3506 ita
1739 3469 1867 3506 ceteri
1910 3468 1953 3507 D
2003 3473 2040 3507 et
2088 3469 2124 3510 C
2155 3471 2196 3510 2.
2247 3471 2286 3509 Ε
2319 3473 2360 3512 1.
2509 3469 2557 3521 d)
2593 3471 2796 3513 daetulis

542 3530 656 3558 corr.
705 3520 886 3560 dactilis
930 3521 973 3560 D
1008 3523 1048 3574 1,
1096 3527 1133 3562 et
1181 3525 1245 3563 ica
1297 3526 1493 3574 plerique
1538 3526 1597 3576 D,
1653 3531 1883 3575 praeterea
1928 3526 1970 3566 A
2003 3525 2066 3569 ‘2.
2103 3529 2145 3570 2.
2178 3529 2222 3570 4.
2257 3529 2297 3570 5.
2344 3530 2382 3569 Β
2418 3531 2457 3569 1.
2505 3530 2542 3568 F
2577 3530 2620 3571 5.
2672 3529 2717 3570 G
2749 3532 2793 3570 2.

544 3577 689 3628 5a.b;
736 3579 930 3619 dactalis
960 3581 999 3619 F
1030 3585 1069 3620 1.
1104 3581 1147 3622 G
1175 3585 1229 3632 4;
1280 3584 1524 3624 dactilibus
1571 3585 1608 3623 B
1645 3586 1684 3628 2.
1819 3584 1863 3638 e)
1897 3587 2006 3625 deest
2040 3586 2081 3628 G
2111 3587 2152 3627 3.
2282 3585 2319 3638 f)
2353 3589 2637 3629 Toronensis
2672 3589 2716 3629 A
2750 3591 2792 3642 2,

544 3647 659 3679 corr.
704 3637 874 3679 Turon.
921 3638 963 3678 A
996 3641 1037 3679 1.
1068 3642 1106 3681 Β
1142 3643 1181 3683 1.
1213 3643 1250 3681 F
1285 3644 1331 3694 13
1378 3644 1552 3684 Turon.
1602 3645 1728 3683 ceteri
1854 3643 1910 3696 ⁶8¹)
1942 3646 2005 3685 ita
2050 3645 2092 3685 A
2127 3647 2166 3687 1.
2214 3647 2253 3686 B
2289 3648 2332 3686 1.
2367 3647 2408 3689 8.
2438 3648 2475 3687 F
2512 3651 2551 3688 1.
2589 3647 2630 3688 G
2664 3651 2710 3688 1.
2742 3649 2793 3700 43

542 3697 845 3746 impromptus
873 3696 915 3736 A
948 3699 987 3736 2.
1108 3700 1156 3754 11)
1190 3701 1347 3741 nullus
1376 3704 1417 3742 A
1450 3698 1512 3742 ⁶3.
1647 3701 1685 3754 i)
1717 3703 1874 3744 omnia
1904 3715 1947 3754 q.
1983 3703 2018 3744 O
2054 3707 2094 3746 1.
2215 3704 2264 3758 k)
2295 3703 2638 3758 ap(d)propriat
2668 3707 2716 3747 A
2749 3710 2790 3748 1.

542 3755 581 3794 B
615 3755 666 3804 13
716 3761 994 3806 approperat
1035 3759 1074 3798 B
1108 3759 1157 3809 23
1204 3758 1620 3813 ap(d)propiuquat
1665 3761 1706 3800 A
1738 3763 1779 3802 3.
1812 3763 1854 3803 4.
1889 3763 1930 3804 5.
1980 3763 2015 3804 C
2038 3764 2114 3804 4b.
2147 3765 2184 3804 Ε
2221 3766 2262 3805 1.
2297 3765 2337 3804 G
2367 3765 2413 3817 3,
2443 3775 2538 3804 cum
2570 3765 2702 3816 arey.
2737 3789 2792 3798 -

544 3823 659 3861 gens
690 3815 801 3852 deest
834 3813 874 3853 G
906 3816 947 3867 2,
978 3817 1053 3856 ubi
1077 3829 1214 3867 quam
1245 3821 1448 3869 predixit
1474 3832 1588 3861 corr.
1623 3821 1746 3870 quod
1777 3821 1982 3872 predixi;
2015 3823 2136 3872 quod
2171 3823 2211 3864 G
2243 3823 2284 3864 3.
2406 3822 2441 3876 1)
2475 3824 2791 3875 relinquimus

544 3883 657 3911 corr.
690 3873 1003 3922 relinquemus
1034 3878 1076 3916 D
1112 3879 1151 3930 1,
1182 3884 1219 3918 et
1248 3879 1312 3918 ica
1344 3880 1470 3918 ceteri
1499 3881 1558 3932 D,
1583 3885 1812 3929 praeterea
1846 3880 1882 3921 C
1915 3882 2044 3922 1—3.
2081 3881 2121 3923 G
2155 3883 2194 3924 2.
2233 3883 2272 3924 3.
2306 3883 2378 3924 52..
2410 3883 2454 3922 b.

549 4105 605 4172 1)
647 4105 727 4174 clf.
768 4107 924 4176 Grey.
975 4108 1103 4161 Tur.
1143 4109 1249 4171 IV,
1288 4111 1377 4161 42.
1565 4109 1624 4181 2)
1663 4113 1814 4166 Haec
1852 4130 1917 4166 ex
1959 4113 2112 4182 Grey.
2161 4114 2288 4166 Tur.
2339 4114 2432 4180 VI,
2493 4117 2544 4166 6.
2603 4126 2790 4168 sumta

545 4187 698 4242 sunm
738 4188 795 4233 et
818 4183 969 4248 prob.
995 4185 1139 4234 vitae
1166 4183 1391 4234 Paulus.
1541 4183 1600 4253 3)
1623 4185 1814 4238 Nizza.
1967 4186 2026 4254 4)
2063 4188 2229 4255 plaga
2267 4191 2576 4254 supervenit
2603 4190 2788 4261 Grey„

544 4259 692 4325 cujus
728 4257 892 4310 verba
928 4273 1323 4322 nonnumquam
1358 4259 1582 4310 mutavit
1617 4259 1845 4312 Paulus.
2047 4262 2104 4330 ὅ)
2142 4263 2232 4314 Ex
2272 4262 2426 4330 Greq.
2479 4263 2572 4326 VJ,
2614 4263 2663 4316 6.
2709 4265 2794 4316 ad

542 4331 757 4382 verbum
778 4331 905 4396 fere
942 4331 1278 4395 exscriptum.
1429 4333 1484 4400 6)
1525 4351 1656 4402 gens
1695 4335 1792 4386 illa
1832 4334 1990 4402 (ἶνες.
