2984 4917
476 393 699 443 PAULI
738 391 1086 445 HISTORIA
1124 390 1799 444 LANGOBARDORUM.
1874 391 2020 442 LIB.
2058 392 2154 443 IV.
2345 393 2450 443 149

199 558 621 624 exceUentiae
696 569 947 624 vestrae
1024 558 1361 624 referimus
1380 608 1397 642 ,
1478 560 1632 645 quia
1706 559 2090 645 peticionem
2165 567 2450 625 nostram

198 643 556 726 audientes,
659 665 858 725 acem,
968 664 1087 707 uae
1105 652 1132 684 ⁸
1187 643 1345 708 utris
1393 665 1475 707 ue
1533 653 1701 708 esset
1755 643 2046 729 partibus
2096 643 2451 730 profutura,

198 729 371 792 sicut
414 726 493 792 de
536 749 617 792 vo
664 728 722 791 is
759 726 927 791 confi
974 726 1253 792 entiamb
1298 726 1382 791 ha
1429 728 1664 809 nimus,
1712 726 2050 792 ordinastis
2065 739 2108 791 ⁰.
2169 727 2277 791 Ex
2322 751 2451 814 qua

199 834 273 876 re
318 811 733 877 exceUentiae
775 821 1024 876 vestrae
1102 811 1461 876 rudentiam
1481 812 1511 853 ⁴¹
1555 822 1620 877 et
1660 811 2040 877 bonitatem⁰
2084 809 2273 878 valde
2315 811 2448 875 lau-

197 895 463 977 damUS,
529 896 684 981 quia
746 917 973 980 pacem
1086 894 1391 981 ‘ligend0,
1455 895 1717 960 Deumf
1796 917 1941 978 vos,
2008 897 2121 994 qui
2188 906 2450 961 auctor&

196 981 219 1043 i
271 981 407 1044 sius
438 989 552 1061 est,
595 1001 831 1062 amare,
874 979 1259 1044 monstratis,
1330 979 1499 1043 Nam
1529 980 1602 1062 si,
1649 979 1852 1067 quod¹¹
1896 977 2083 1063 absit,
2124 979 2292 1044 facta
2319 1002 2450 1044 non

224 1065 447 1146 uisset,
503 1063 691 1150 quidi
757 1065 867 1150 agi
921 1062 1167 1145 habuit,
1225 1063 1347 1127 nisi
1389 1073 1460 1128 ut
1519 1085 1668 1128 cum
1716 1075 1983 1151 peccato
2043 1074 2106 1129 et
2162 1063 2447 1150 periculo

196 1149 486 1234 partium
514 1148 890 1213 miserorum
918 1149 1307 1212 rusticorum
1337 1149 1617 1232 sanguis,
1649 1169 1925 1233 quorum
1952 1145 2135 1212 labor
2161 1150 2450 1234 utrisque

196 1231 478 1319 proficit,
523 1231 937 1296 funderetur?
1024 1230 1156 1296 Sed
1196 1239 1267 1295 ut
1293 1231 1660 1317 prodessetk
1690 1231 1875 1296 nobis
1905 1232 2176 1296 eandem
2204 1253 2450 1318 pacem,

199 1316 744 1402 quemadmodum
778 1338 817 1380 a
845 1316 1030 1381 vobis
1070 1315 1239 1380 facta
1278 1326 1391 1398 est,
1438 1317 1804 1398 sentiamus,
1847 1324 2114 1401 paterna
2159 1317 2448 1381 caritate¹

194 1399 547 1481 salutantes
596 1401 897 1487 petimus,
940 1409 1029 1481 ut,
1076 1400 1368 1485 quotiens
1409 1401 1664 1464 occasio
1707 1413 1821 1464 sem
1866 1400 2128 1481 dederit,
2173 1398 2449 1464 ducibus

194 1485 427 1548 vestris
471 1507 587 1571 per
628 1483 883 1548 diversa
924 1483 1068 1548 loca
1110 1494 1175 1548 et
1201 1485 1484 1548 maxime
1527 1485 1596 1547 in
1635 1482 1735 1547 his
1765 1484 2056 1570 partibus
2087 1485 2447 1548 constitutis

195 1573 431 1634 vestris
475 1568 883 1654 praecipiatis
915 1567 1219 1653 epistolis,
1265 1577 1336 1632 ut
1377 1566 1542 1632 hanc
1572 1588 1817 1654 pacem,
1865 1568 2034 1632 sicut
2061 1569 2449 1654 promissum

192 1663 310 1735 est,
357 1664 562 1739 puren
609 1651 997 1728 custodiant,
1046 1662 1111 1716 et
1165 1652 1534 1716 occasiones
1581 1652 1709 1716 sibi
1766 1652 2014 1739 aliquas
2074 1674 2203 1716 non
2257 1674 2450 1738 quae-

193 1745 359 1819 rant,
420 1736 591 1801 unde
648 1745 763 1800 aut
806 1736 1126 1801 contentio
1190 1735 1506 1822 quaedam
1550 1745 1663 1800 aut
1705 1736 1772 1799 in
1851 1736 2098 1801 atitudo
2128 1747 2448 1818 nascatur,

197 1830 514 1906 quatenus
558 1818 871 1884 voluntati
908 1829 1157 1885 vestrae
1199 1841 1390 1905 agere
1433 1821 1674 1905 gratias
1701 1843 1744 1885 v
1809 1842 2050 1885 eamus.
2135 1820 2400 1885 Latores
2420 1831 2446 1863 ⁰

197 1926 351 1969 vero
407 1905 840 1991 praesentium
898 1902 1253 1969 litterarum
1269 1953 1285 1984 ,
1345 1905 1514 1968 sicut
1561 1925 1785 1969 revera
1841 1905 2130 1969 homines
2181 1914 2450 1986 vestros,

193 1989 263 2051 in
324 2010 401 2052 eo
460 1988 671 2075 quodv
732 1988 955 2053 debuit
1008 1987 1285 2053 affectu?
1330 2010 1516 2052 susce
1565 1989 1764 2071 imus,
1825 1989 1978 2073 quia
2018 1989 2262 2053 iustum
2304 1988 2445 2070 fuit,

194 2082 270 2137 ut
310 2073 525 2136 vi1·os‹1
571 2073 887 2158 sapientes
931 2080 995 2136 et
1040 2073 1183 2157 quir
1228 2093 1454 2157 pacem
1525 2082 1735 2136 actam
1777 2071 1924 2136 Deo
2011 2073 2245 2157 ropitio
2288 2093 2446 2136 nun-

189 2157 437 2221 tiarunt
492 2178 639 2220 cum
679 2157 943 2220 caritate
960 2167 981 2198 ³
1029 2165 1093 2220 et
1134 2156 1460 2241 suscipere
1505 2165 1568 2221 et
1611 2155 1927 2220 dimittere
2013 2156 2382 2221 eberemus'.

368 2241 465 2306 10.
571 2241 747 2305 Inter
799 2240 957 2304 haec
1002 2240 1293 2325 sequenti
1346 2261 1565 2304 mense
1607 2239 1909 2303 Ianuario
1967 2241 2212 2325 paruitt
2265 2240 2447 2306 stella
2464 2228 2590 2330 9915),

194 2324 507 2389 cometisu
551 2345 739 2388 manc
798 2332 861 2389 et
899 2346 1166 2408 vespere
1210 2344 1325 2409 per
1367 2334 1571 2388 totum
1635 2344 1938 2387 mensem.
2025 2322 2125 2387 Eo
2185 2345 2444 2410 quoque

192 2431 417 2474 mense
510 2408 845 2474 defimctus
934 2417 1031 2472 est
1092 2405 1409 2472 Iohannes
1486 2405 2008 2494 archiepiscopus
2078 2408 2444 2474 Ravennae.

193 2493 402 2559 Cuius
444 2493 515 2556 in
568 2491 785 2557 locum
827 2491 1153 2556 Marianus
1171 2504 1199 2534 v
1258 2492 1473 2556 civisw
1517 2492 1845 2556 Romanus
1891 2491 2277 2557 substitutus
2322 2502 2441 2558 est.

190 2673 237 2727 8)
275 2686 416 2724 quam
448 2687 492 2716 u.
530 2684 629 2715 esse
661 2685 706 2724 p.
755 2673 984 2713 credimus
1015 2674 1301 2723 profuturam
1337 2672 1387 2714 C.
1417 2673 1475 2712 D.
1615 2671 1663 2724 b)
1697 2673 1976 2714 confidentia
2004 2674 2042 2712 F
2077 2676 2118 2714 1.
2251 2671 2295 2725 c)
2329 2674 2447 2714 ordi-

192 2735 323 2775 nasti.
350 2735 392 2774 A
425 2735 472 2784 23
506 2734 730 2774 ordinatis
764 2733 806 2772 D
838 2733 879 2773 2.
916 2731 956 2772 G
990 2735 1030 2775 1.
1182 2730 1228 2783 d)
1262 2732 1513 2782 prudentia
1559 2734 1596 2772 F
1633 2735 1672 2772 1.
1708 2731 1748 2773 G
1781 2732 1822 2772 3.
1975 2729 2020 2784 e)
2054 2733 2301 2774 veritatem
2331 2733 2368 2772 F
2403 2735 2446 2773 1.

189 2793 229 2846 t)
263 2795 379 2833 decet
424 2796 467 2838 G
499 2794 541 2834 2.
574 2792 646 2832 58.
664 2803 703 2834 0.
854 2789 899 2842 g)
935 2795 1144 2832 auctores
1190 2793 1223 2831 1.
1272 2793 1382 2832 estis
1430 2791 1485 2834 G.
1636 2789 1684 2842 h)
1715 2795 1766 2831 ut
1809 2792 1847 2830 F
1881 2793 1923 2832 1.
2090 2789 2124 2842 i)
2159 2792 2282 2841 quod
2326 2791 2370 2831 A
2402 2794 2445 2832 2.

192 2851 244 2904 k)
276 2853 343 2892 ita
368 2863 456 2902 pro
501 2851 720 2902 prodesse
765 2849 807 2889 A
840 2852 880 2891 1.
914 2846 977 2891 ’2.
1016 2852 1054 2892 2.
1090 2851 1131 2891 3.
1165 2851 1208 2890 4.
1240 2851 1279 2890 Β
1315 2853 1384 2893 18.
1420 2851 1461 2892 2.
1498 2851 1533 2892 0
1567 2854 1607 2891 1.
1639 2851 1683 2890 D
1718 2852 1759 2891 1.
1791 2851 1828 2890 F
1859 2853 1900 2890 1.
1937 2849 1977 2890 G
2010 2852 2137 2889 1-4.
2168 2851 2241 2893 58.
2258 2861 2297 2892 0.
2329 2851 2374 2890 Η
2408 2854 2448 2891 1.

194 2913 218 2952 1
253 2914 298 2963 1,
331 2912 449 2961 quod
470 2912 577 2960 quin
607 2911 656 2949 in
703 2911 932 2958 archetypo
968 2909 1132 2961 fuerit,
1179 2910 1372 2949 dubitari
1400 2911 1579 2960 aequin
1629 2914 1870 2960 proposset
1898 2910 1936 2949 F
1966 2910 2021 2959 43
2053 2910 2272 2959 prodesse
2303 2911 2444 2955 ceteri.

191 2971 227 3024 l)
259 2981 343 3010 vos
369 2975 472 3019 poet
502 2970 603 3012 add.
635 2967 676 3009 G
710 2970 750 3010 1.
886 2966 951 3018 m)
985 2969 1229 3009 occasione
1274 2969 1318 3008 d.
1350 2967 1393 3008 A
1426 2970 1467 3008 2.
1618 2967 1667 3020 n)
1700 2979 1812 3019 pore
1842 2979 1956 3007 corr.
2003 2978 2296 3019 summopere
2324 2969 2361 3008 F
2395 2972 2446 3018 13

190 3041 316 3081 pure
350 3041 466 3070 corr.
513 3038 808 3077 summopere
840 3025 881 3066 G
915 3029 957 3067 1.
1094 3026 1141 3078 o)
1173 3028 1269 3067 lata
1299 3026 1341 3066 A
1373 3024 1435 3068 ⁸2.
1469 3028 1514 3066 2.
1549 3027 1592 3066 3.
1620 3029 1650 3065 4
1700 3028 1767 3077 (dc
1797 3028 1840 3067 A
1873 3031 1895 3067 1
1943 3037 2036 3066 non
2081 3026 2282 3078 constat).
2329 3028 2367 3067 F
2402 3030 2444 3068 1.

194 3089 239 3130 G
274 3091 299 3129 1
334 3087 469 3140 (corr.
498 3084 668 3138 lecta);
715 3087 837 3127 lecta
866 3086 908 3125 A
937 3085 979 3126 5.
1014 3086 1065 3134 63
1112 3087 1210 3125 leta
1241 3086 1281 3125 G
1314 3086 1355 3125 3.
1388 3087 1442 3136 43
1487 3087 1570 3125 leti
1599 3086 1637 3125 F
1670 3083 1740 3135 ‘23
1787 3086 1981 3125 latorem
2031 3085 2071 3125 G
2103 3086 2182 3135 503
2223 3086 2442 3126 allatores

194 3148 231 3189 O
267 3150 307 3190 1.
342 3149 368 3188 1
400 3149 449 3196 13
482 3147 713 3188 ablatores
746 3144 781 3185 C
813 3145 865 3194 83
895 3147 1026 3184 tanta
1053 3146 1092 3186 B
1127 3145 1167 3185 2.
1199 3144 1249 3194 33
1281 3145 1451 3185 latores
1482 3146 1541 3184 D.
1574 3144 1610 3183 F
1631 3147 1651 3183 1
1687 3156 1708 3182 e
1738 3155 1852 3184 corr.
1889 3143 1930 3184 G
1962 3145 1986 3184 2
2019 3154 2040 3183 0
2069 3154 2184 3184 corr.
2219 3146 2290 3184 58.
2324 3146 2367 3185 Η
2401 3147 2444 3188 1.

192 3209 216 3247 Ι
251 3209 294 3258 2,
326 3207 445 3256 quod
474 3207 721 3256 recepimus,
753 3204 946 3254 quamvis
976 3207 1249 3243 correcturae
1279 3203 1421 3242 deberi
1448 3205 1662 3243 videatur.
1784 3203 1834 3254 p)
1867 3213 1956 3252 que
1989 3203 2029 3242 A
2057 3203 2098 3242 2.
2132 3205 2175 3243 D
2209 3204 2250 3244 2.
2285 3203 2325 3242 3.
2357 3203 2380 3242 1
2399 3208 2442 3244 1.

195 3287 249 3297 —-
286 3265 443 3306 decuit
474 3265 509 3306 Ο
540 3265 582 3305 8.
617 3264 691 3305 41).
726 3262 769 3303 G
800 3263 872 3303 68.
892 3273 930 3302 0.
962 3262 986 3301 Ι
1020 3264 1071 3311 1;
1104 3262 1347 3302 debuimus
1377 3263 1401 3302 Ι
1433 3263 1475 3303 2.
1512 3284 1563 3293 -
1597 3261 1812 3302 affectum
1841 3263 1879 3301 F
1914 3265 1960 3310 13
1993 3261 2204 3301 effectum
2238 3261 2279 3302 G
2313 3264 2354 3302 1.
2390 3264 2442 3313 23

191 3325 392 3366 affectus
424 3323 466 3364 G
496 3326 538 3365 4.
573 3323 595 3362 1
628 3323 669 3364 3.
794 3321 840 3373 q)
868 3322 1079 3361 homines
1113 3321 1148 3362 C
1173 3323 1212 3362 1.
1248 3322 1290 3366 2.
1411 3320 1451 3372 r)
1484 3322 1596 3370 quia
1629 3319 1728 3362 Gl.
1763 3321 1806 3362 2.
1837 3321 1880 3362 8.
2001 3318 2043 3372 s)
2075 3321 2313 3361 caritatem
2342 3322 2379 3360 F
2398 3324 2439 3361 1.

191 3383 231 3434 t)
266 3385 333 3424 ita
378 3383 420 3423 A
454 3385 497 3424 1.
528 3379 591 3424 ‘2.
628 3383 653 3421 2
702 3380 833 3432 (corr.
879 3378 1128 3431 apparuit).
1175 3381 1219 3420 4.
1252 3379 1295 3420 5.
1326 3381 1363 3419 F
1399 3383 1438 3424 1.
1490 3380 1532 3421 G
1566 3381 1608 3423 1.
1642 3381 1695 3430 23
1741 3379 1957 3430 apparuit
1983 3381 2123 3420 ceteri.
2173 3402 2225 3410 —
2259 3380 2441 3420 stellam

192 3444 230 3483 F
266 3445 309 3486 1.
345 3441 388 3483 G
420 3444 461 3484 1.
579 3438 629 3492 u)
663 3443 866 3479 cometes
897 3438 940 3479 G
971 3440 1023 3489 83
1056 3443 1253 3479 cometes
1283 3439 1327 3478 D
1360 3439 1409 3489 23
1440 3442 1689 3480 commetes
1721 3439 1756 3481 C
1791 3441 1831 3478 1.
1867 3438 1910 3478 G
1938 3439 2006 3481 5c.
2127 3438 2174 3491 v)
2205 3440 2442 3479 Marianos

189 3501 234 3542 A
270 3503 320 3552 23
352 3501 625 3542 maurianus
659 3498 700 3539 G
732 3499 779 3548 2;
811 3498 1101 3538 Marinianus
1132 3498 1175 3537 D
1208 3498 1249 3541 3.
1383 3496 1445 3551 w)
1480 3499 1604 3540 cives
1637 3501 1677 3540 A
1698 3495 1764 3538 ‘2.
1797 3501 1840 3540 4.
1873 3498 1977 3540 D1.
2010 3499 2049 3538 E
2073 3501 2112 3539 1.
2145 3499 2183 3538 F
2203 3502 2224 3538 1
2261 3498 2443 3552 (cibes).

196 3562 239 3603 G
275 3562 416 3610 1-—43
449 3569 609 3600 cerves
642 3559 757 3598 civis
790 3557 832 3598 G
863 3557 941 3607 5ος
974 3558 1084 3597 deest
1114 3558 1157 3597 D
1192 3559 1233 3598 2.

197 3713 505 3776 erogantur,
562 3713 623 3760 ut
657 3708 798 3760 inter
855 3724 947 3760 eos
1002 3709 1183 3758 vivere
1239 3707 1521 3774 possimus,
1577 3708 1918 3774 sug-gerenda
1972 3723 2080 3758 non
2116 3714 2255 3760 sunt.
2332 3708 2443 3760 Sed

196 3783 440 3835 breviter
474 3782 677 3844 indico,
734 3782 876 3847 quia,
933 3783 1073 3832 sicut
1129 3783 1187 3831 in
1242 3781 1537 3832 Ravennae
1595 3781 1836 3847 partibus
1877 3781 2208 3832 dominorum
2267 3782 2441 3848 pietas

196 3856 347 3925 apud
385 3854 617 3924 primum
666 3856 959 3906 exercitum
999 3853 1196 3905 Italiae
1256 3853 1600 3906 sacellarium
1655 3854 1836 3917 habet,
1878 3856 1969 3920 qui
2028 3857 2203 3906 causis
2260 3871 2442 3922 super·

193 3927 537 3982 venientibus
576 3927 915 3995 quotidianas
970 3943 1231 3994 expensas
1279 3927 1463 3992 faeiat,
1509 3929 1588 3979 ita
1627 3933 1683 3979 et
1715 3930 1772 3978 in
1817 3928 1923 3979 hac
1965 3929 2096 3980 urbe
2151 3945 2216 3979 ex
2265 3930 2444 3980 causis

196 4003 399 4056 talibus
440 4017 623 4052 eorum
660 4001 979 4054 sacellarius
1018 4017 1120 4066 ego
1148 4017 1281 4053 sum.
1357 4001 1431 4052 Et
1467 4005 1652 4053 tamen
1686 4002 1826 4053 haec
1867 4001 2117 4065 ecclesia,
2157 4016 2296 4067 quae
2333 4017 2441 4053 uno

197 4076 501 4141 eodemque
536 4080 779 4142 tempore
818 4075 1048 4138 clericis,
1093 4077 1452 4137 monasteriis,
1507 4077 1849 4144 pauperibus,
1899 4074 2097 4142 populo
2149 4081 2309 4139 atque
2359 4076 2440 4124 in·

196 4165 363 4219 super
398 4148 775 4215 Longobardis
812 4153 925 4200 tam
981 4149 1150 4200 multa
1201 4148 1568 4202 indesinenter
1626 4148 1896 4217 expendit,
1953 4164 2083 4199 0000
2139 4147 2317 4198 adhuc
2376 4163 2442 4198 ex

196 4225 438 4277 omnium
477 4222 827 4274 ecclesiarum
876 4222 1134 4289 premitur
1178 4222 1469 4274 afflictione
1522 4230 1610 4275 etc.
1691 4221 1958 4284 Quantum
1993 4236 2116 4272 vero
2157 4219 2352 4272 laboris
2392 4229 2442 4272 et

197 4294 371 4350 studii
392 4295 707 4362 impenderit
732 4311 775 4347 s.
792 4293 1041 4362 pontifex
1069 4295 1143 4347 ad
1168 4312 1304 4357 eam,
1321 4295 1703 4348 reluctantibus
1729 4295 1965 4357 Graecis,
2006 4293 2442 4360 cmpos-andam,

148 4419 153 4425 .
187 4371 384 4437 plures
426 4367 568 4421 aliae
605 4366 844 4421 indicoent
883 4369 1150 4436 epistolae,
1187 4386 1323 4436 quas
1363 4369 1576 4436 tanqum
1614 4378 1744 4422 essct
1782 4368 1865 4420 hic
1899 4365 2137 4420 recitare.
2210 4367 2310 4420 131.
