2984 4917
565 360 673 410 234
869 357 1091 409 PAULI
1129 356 1476 409 HISTORIA
1516 355 2188 409 LANGOBARDORUM.
2266 358 2412 410 LIB.
2449 360 2541 410 Vl.

613 524 1050 611 estilentiaque
1079 525 1378 610 perirent,
1415 546 1491 587 ac
1523 525 1651 587 sic⁸
1681 525 1960 608 pertaesi
1989 524 2339 589 obsidionis
2369 524 2821 590 abscederent.

565 550 697 693 aui
739 609 889 674 inde
919 609 1178 694 egressi,
1215 607 1615 693 Vulgarum*
1657 617 1933 692 gentem,
1982 622 2174 694 quae⁰
2218 619 2316 674 est
2357 631 2552 695 super
2580 608 2817 673 Danu-

568 695 777 777 bium,
831 692 997 760 bello
1040 692 1529 778 adgrediuntur3
1587 701 1652 756 et
1692 692 1774 756 ab
1818 691 1939 755 hae
1987 714 2241 779 quoque
2292 694 2467 774 victi,
2515 694 2600 759 ad
2660 715 2822 757 suas

567 801 762 844 naves
805 778 1146 861 refugiunt.
1232 774 1504 857 Quibus,
1552 797 1695 839 cum
1740 772 1939 839 altum
1952 777 1981 817 ‘¹
2024 785 2329 861 peterent,
2374 778 2665 841 inruente
2714 800 2822 841 su-

567 865 702 930 bita
743 870 1140 947 tempestate,
1182 859 1443 946 plurimi
1459 870 1483 902 ⁰
1528 860 1723 923 etiam
1768 862 1957 924 mersi
1972 860 1993 902 f
2036 862 2170 925 sive
2214 863 2499 925 contritis
2540 860 2825 925 navibus

615 950 909 1013 erierunt.
1010 944 1207 1033 [Intra
1219 945 1269 1045 8]
1333 942 1949 1030 Constantinopolim
1968 956 1985 989 ¹
2038 966 2192 1009 vero
2209 946 2237 987 ¹¹
2294 954 2581 1010 trecenta
2634 944 2825 1007 milia

615 1033 900 1096 ominum
991 1027 1304 1093 estilentia
1344 1029 1739 1093 interierunt.

735 1115 838 1179 48.
981 1112 1324 1211 iutprand²
1357 1112 1643 1198 quoque¹i
1672 1111 1956 1194 audiens,
2018 1112 2192 1197 quod
2221 1112 2578 1194 Sarraceni,
2617 1112 2824 1197 depo·

570 1198 789 1285 pulata
833 1196 1147 1278 Sardima,
1199 1198 1390 1260 etiam
1435 1196 1577 1259 loca
1617 1194 1744 1277 illa,
1802 1194 1915 1259 ubi
1974 1218 2120 1259 ossa
2164 1198 2366 1260 sancti
2417 1198 2522 1261 Au
2614 1198 2821 1259 stinik

571 1284 786 1369 episco
836 1282 857 1343 i
901 1290 1164 1367 propter
1219 1281 1643 1345 vastationem
1696 1278 2117 1343 barbarorum
2159 1280 2311 1343 olim
2368 1291 2543 1345 trans
2567 1281 2709 1343 ata¹
2756 1291 2827 1345 et

569 1366 794 1430 honori
841 1386 912 1429 ce
969 1364 1222 1429 fuerant
1272 1362 1546 1445 condita,
1598 1362 1948 1444 foedarent,
2007 1364 2199 1441 misit,
2256 1375 2320 1430 et
2373 1364 2521 1429 dato
2577 1384 2824 1448 magno

570 1451 796 1536 pretio,
854 1450 1104 1533 accepit
1127 1457 1190 1513 et
1225 1446 1546 1513 transtulit
1588 1458 1723 1509 ea¹¹¹
1766 1448 1834 1510 in
1874 1446 2101 1511 urbem
2145 1449 2549 1513 Ticinensem
2590 1449 2683 1513 ibi
2736 1470 2823 1512 ue

571 1556 719 1598 cum
757 1532 974 1597 debito
1013 1540 1232 1596 tanton
1273 1533 1444 1617 patri
1481 1530 1721 1595 honore
1752 1530 2128 1595 recondidit.
2193 1532 2357 1597 His⁰
2386 1531 2611 1597 diebus
2722 1554 2824 1595 ar·

570 1620 678 1682 nia
689 1630 734 1671 1³·
752 1628 774 1663 ³
822 1618 1044 1681 civitas
1088 1638 1127 1679 a
1169 1614 1612 1700 Langobardis
1656 1636 1928 1700 pervasa
1969 1626 2082 1679 est.

738 1702 840 1765 49.
927 1700 1196 1786 quue‘l
1240 1710 1527 1785 tempore
1571 1721 1690 1763 rex
1706 1710 1730 1745 ³
1775 1698 2209 1799 Liutprandus
2254 1700 2661 1764 Ravennam?
2710 1700 2827 1765 ob-

574 1783 757 1867 sedit,
804 1781 1091 1848 Classem
1133 1784 1369 1848 invasit
1417 1792 1609 1868 atque
1667 1783 2001 1847 destruxit.
2088 1785 2272 1848 Tunc
2329 1782 2565 1848 Paulus
2619 1786 2827 1869 patri-

575 1870 713 1933 cius
775 1890 858 1933 ex
912 1868 1257 1933 Ravenna⁸
1322 1868 1498 1931 misit
1560 1868 1671 1952 qui
1733 1868 2099 1951 pontificem
2165 1869 2647 1950 interemerent3
2710 1869 2828 1934 sed

572 1951 1017 2051 Langobardis
1119 1967 1190 2015 ro
1249 1951 1648 2016 defensione‘
1719 1951 2035 2035 pontificis
2086 1951 2611 2037 repugnantibus,
2659 1950 2831 2037 Spo-

572 2035 823 2101 letimsu
877 2038 945 2100 in
992 1974 1237 2101 Safario
1292 2045 1487 2122 ponte
1500 2048 1529 2077 v
1584 2043 1648 2099 et
1706 2056 1789 2098 ex
1840 2033 1981 2099 aliis
2035 2036 2325 2121 partibus
2376 2034 2833 2121 Langobardis

574 2122 801 2185 Tuscis
887 2119 1330 2185 resistentibus
1347 2168 1363 2201 ,
1450 2116 1783 2184 consilium
1854 2118 2366 2183 Ravennantium
2436 2120 2829 2206 dissipatum

573 2214 688 2269 est.
775 2204 965 2267 Hacw
1008 2213 1386 2290 tempestate
1428 2202 1565 2267 Leo
1609 2204 1959 2287 imperator
2000 2226 2039 2267 a
2088 2212 2161 2267 ut
2202 2203 2829 2289 Constantinopolim

573 2298 938 2353 sanctorum
986 2290 1302 2373 imagines
1347 2287 1673 2386 depositas
1714 2287 1999 2351 incendit
2100 2309 2455 2373 omanoque
2485 2288 2827 2373 pontifici¹

573 2370 806 2436 similia
845 2372 1075 2455 facere,
1121 2374 1176 2436 si
1217 2369 1616 2457 imperialem
1660 2372 1929 2456 gratiam
1961 2371 2197 2437 habere
2224 2371 2432 2453 vellet,
2474 2372 2827 2437 mandavit.

573 2456 704 2521 Sed
745 2456 1037 2541 pontifex
1077 2456 1197 2520 hoc
1252 2456 1462 2520 facere
1506 2464 1752 2520 contem
1805 2457 1904 2519 sit.
1992 2455 2219 2521 Omnis
2279 2478 2535 2542 quoque
2574 2457 2829 2521 Raven-

570 2562 690 2605 nae
749 2542 1066 2606 exercitus
1094 2539 1197 2605 vel
1240 2541 1657 2605 Venetiarum
1699 2549 1766 2604 ta
1788 2539 1934 2603 ibus
1973 2541 2161 2604 iussis
2180 2552 2212 2595 Y
2242 2562 2369 2604 uno
2398 2541 2615 2605 animo
2642 2543 2827 2605 resti-

571 2634 802 2705 terunt,
849 2633 913 2689 et
951 2626 1076 2688 nisi
1114 2645 1223 2688 eos
1279 2624 1571 2710 pontifex
1624 2623 2073 2707 prohibuisset,
2116 2625 2207 2687 im
2256 2634 2567 2689 eratorem
2628 2646 2828 2711 super

573 2730 642 2771 se
687 2709 1066 2772 constituere
1083 2719 1107 2749 Ζ
1139 2717 1285 2771 sunt
1326 2708 1631 2792 adgressi.
1716 2708 1861 2772 Rex
1877 2719 1903 2749 ἃ
1926 2729 2179 2806 quoque
2265 2707 2570 2793 iutprand
2614 2719 2827 2773 castra

573 2789 865 2871 Emiliae,
908 2792 1336 2855 Feronianum
1352 2792 1379 2833 ¹)
1424 2801 1488 2855 et
1516 2790 2065 2857 Montembelllum
2084 2805 2126 2875 0,
2171 2794 2424 2857 Buxeta
2466 2793 2573 2857 et‘¹
2617 2794 2828 2857 Persi-

575 2951 621 3004 a)
651 2953 690 2992 si
722 2953 762 2992 A
797 2954 835 2996 2.
865 2954 904 2993 Ε
939 2956 980 2993 1.
1011 2954 1048 2992 F
1078 2955 1124 2996 4.
1175 2952 1215 2993 G
1248 2955 1302 3003 ὃς
1351 2956 1422 2994 sia
1467 2953 1509 2994 A
1542 2950 1614 3004 ‘23
1662 2957 1703 2995 si
1735 2960 1892 3005 aperte
1924 2966 2006 2995 sue
2038 2966 2079 2995 ο.
2126 2956 2164 2995 Β
2200 2957 2251 3005 25
2299 2957 2451 3009 sicpte
2483 2965 2524 2995 ο.
2572 2954 2608 2996 G
2645 2958 2691 3005 13
2740 2967 2827 3007 per

574 3017 755 3062 tempus
785 3012 808 3051 1
842 3014 883 3054 1.
973 3010 1021 3063 b)
1052 3014 1359 3061 Vulgsrorum
1391 3012 1432 3053 G
1465 3015 1505 3052 1.
1541 3015 1589 3062 23
1637 3015 1957 3062 Vulganorum
1991 3013 2032 3054 G
2062 3011 2135 3063 ’ὃς
2180 3014 2436 3055 Vulnorum
2470 3013 2570 3054 G4.
2664 3014 2708 3065 c)
2745 3017 2825 3065 qui

573 3073 611 3111 1⁴*
645 3075 684 3111 1.
720 3072 762 3113 G
797 3073 924 3111 1—4.
1043 3070 1089 3122 d)
1123 3073 1219 3112 alto
1251 3073 1287 3111 F
1321 3074 1364 3112 1.
1502 3070 1546 3123 c)
1580 3074 1793 3122 plurimis
1822 3074 1859 3113 F
1891 3074 1935 3114 4.
1970 3072 2024 3115 G.
2056 3074 2099 3113 Η
2133 3076 2173 3113 1.
2205 3074 2229 3113 Ι
2263 3075 2303 3113 2.
2440 3071 2476 3125 f)
2508 3074 2571 3113 ita
2604 3073 2649 3113 A
2680 3076 2723 3114 2.
2760 3076 2823 3115 ’2.

573 3132 611 3171 Β
648 3132 688 3171 2.
735 3131 778 3170 D
814 3132 853 3181 2,
900 3131 1016 3180 quod
1054 3132 1244 3182 proxime
1275 3132 1335 3170 ad
1365 3131 1527 3171 Batiam
1557 3133 1727 3183 accedit,
1760 3134 1839 3181 qui
1866 3133 2015 3172 habet:
2050 3133 2192 3172 mersi
2220 3134 2319 3173 sive
2352 3132 2603 3173 confractis
2638 3144 2681 3174 n.
2716 3137 2827 3173 sunt

575 3190 758 3239 necat13
805 3191 947 3230 mersi
983 3212 1032 3220 —
1066 3191 1313 3230 conti-stitis
1345 3190 1384 3229 A
1414 3191 1471 3241 43
1519 3191 1751 3230 mersisibi
1781 3192 1821 3231 A
1860 3195 1907 3241 ις
1950 3192 2181 3232 mersisibi
2214 3192 2398 3231 contriti
2429 3202 2473 3230 n.
2504 3192 2542 3231 F
2575 3193 2625 3241 13
2658 3194 2825 3233 mersi·

559 3250 642 3289 'ibi
673 3249 975 3297 contritisque
1005 3249 1043 3287 F
1073 3250 1118 3288 4.
1151 3248 1192 3289 G
1224 3248 1597 3300 (constrictioque
1630 3249 1671 3290 G
1702 3248 1775 3301 4);
1822 3251 1984 3290 mersis
2016 3251 2115 3291 sive
2148 3252 2357 3291 contritis
2393 3250 2591 3300 plerique
2622 3252 2682 3291 D.
2714 3252 2740 3291 1
2776 3255 2827 3302 13

572 3309 720 3348 versis
751 3308 848 3347 sive
881 3308 1090 3347 contritis
1123 3306 1158 3347 C
1191 3310 1229 3349 1.
1263 3309 1302 3348 2.
1334 3308 1409 3349 4b.
1441 3310 1484 3347 D
1521 3310 1570 3358 15
1602 3310 1749 3348 versis
1778 3309 1868 3349 sibi
1900 3310 2108 3349 contritis
2142 3310 2177 3349 Β
2212 3311 2250 3352 1.
2372 3308 2420 3361 g)
2451 3310 2563 3349 deest
2590 3308 2635 3348 A
2655 3313 2693 3352 1.
2726 3311 2767 3350 Ρ
2786 3312 2826 3353 1.

573 3365 623 3417 h)
655 3372 752 3416 poet
783 3367 882 3405 add.
902 3366 1002 3407 Gl.
1079 3366 1116 3418 i)
1147 3377 1259 3407 vero
1291 3367 1344 3408 C.
1376 3367 1435 3407 D.
1514 3365 1564 3418 k)
1597 3368 1846 3416 Augustus
1881 3371 1929 3417 13
1964 3370 2179 3417 Agustini
2211 3368 2254 3410 G
2284 3371 2394 3409 1.-
2415 3369 2564 3408 saneti
2595 3370 2826 3412 doeaAz.

573 3423 608 3475 l)
642 3426 912 3465 translatam
943 3426 1038 3464 1³1.
1073 3447 1126 3455 —
1161 3429 1207 3465 et
1235 3426 1346 3465 decet
1377 3427 1430 3466 F.
1464 3424 1522 3466 G.
1554 3426 1635 3466 12.
1728 3426 1791 3477 m)
1827 3437 1929 3467 eam
1961 3428 2001 3466 A
2032 3428 2073 3466 2.
2110 3426 2208 3467 Gl.
2242 3428 2282 3468 2.
2300 3424 2365 3469 ’3.
2457 3424 2506 3477 n)
2541 3430 2675 3467 tanta
2705 3427 2750 3467 A
2786 3431 2827 3473 1.

577 3480 640 3525 ’2.
677 3485 714 3523 2.
763 3485 799 3523 1⁸*
834 3485 881 3534 13
929 3485 1045 3524 tanti
1091 3485 1235 3533 patris
1280 3487 1318 3526 A
1352 3480 1414 3526 ·8.
1449 3485 1494 3525 3.
1528 3486 1572 3525 4.
1623 3486 1661 3525 Β
1698 3487 1740 3527 2.
1789 3485 1824 3526 G
1860 3488 1899 3525 1.
1932 3486 1973 3526 2.
2023 3487 2064 3526 D
2101 3488 2141 3527 2.
2190 3487 2233 3526 11
2268 3488 2314 3535 13
2362 3488 2479 3526 tanti
2524 3490 2660 3535 patre
2705 3487 2747 3527 E
2785 3491 2827 3529 1.

577 3540 624 3592 o)
655 3543 741 3582 His
775 3564 828 3575 -ο
861 3547 930 3582 est
961 3544 1046 3584 des.
1080 3543 1120 3582 A
1154 3540 1215 3583 ’2.
1249 3544 1286 3583 Β
1319 3544 1362 3582 4.
1504 3542 1554 3595 p)
1587 3544 1731 3584 Naris
1753 3544 1796 3583 A
1830 3547 1871 3584 1.
1906 3546 1947 3587 2.
1979 3546 2017 3585 Β
2055 3548 2096 3585 1.
2133 3544 2167 3585 0
2202 3546 2241 3583 1.
2277 3546 2318 3586 2.
2350 3546 2388 3584 F
2420 3545 2463 3597 5,
2493 3555 2611 3585 corr.
2643 3546 2828 3587 Narnia

575 3600 619 3639 D
655 3602 694 3639 1.
726 3602 764 3639 F
798 3603 847 3650 13
892 3602 1090 3642 Narniae
1121 3602 1159 3641 Ε
1194 3604 1242 3650 1;
1289 3603 1446 3641 Nax-ua
1474 3603 1520 3642 H
1554 3605 1602 3652 13
1647 3603 1825 3643 Narina
1854 3604 1891 3643 F
1920 3604 1965 3643 4.
2000 3603 2042 3643 G
2075 3603 2206 3656 (corr.
2240 3604 2387 3653 Papia
2418 3602 2461 3644 G
2489 3602 2552 3655 4).
2586 3604 2611 3643 1
2646 3606 2697 3655 83
2730 3605 2827 3646 Ma-

578 3660 683 3699 rina
716 3658 756 3697 G
781 3658 850 3699 5c.
1000 3659 1047 3711 q)
1079 3662 1149 3701 Eo
1181 3671 1366 3709 quoque
1415 3660 1450 3701 C
1485 3662 1524 3701 1.
1562 3662 1604 3703 2.
1651 3664 1688 3702 Β
1722 3664 1765 3705 4.
1812 3662 1834 3701 1
1868 3666 1918 3713 13
1967 3664 2035 3701 Eo
2068 3662 2109 3702 A
2141 3660 2206 3703 ·2.
2238 3664 2277 3703 Β
2312 3664 2353 3703 2.
2384 3664 2427 3703 D
2460 3662 2567 3715 (hoc
2595 3664 2642 3703 D
2678 3663 2740 3716 2).
2772 3666 2823 3705 Ε.

575 3718 631 3757 F.
667 3716 709 3757 G
752 3716 839 3768 (Eo
869 3722 1235 3769 tempotemporc
1283 3718 1326 3759 G
1359 3718 1428 3771 1);
1478 3721 1655 3760 Eodem
1702 3720 1743 3761 A
1777 3722 1817 3762 2.
1868 3722 1909 3761 G
1940 3721 1981 3762 5.
2027 3723 2071 3762 H
2105 3723 2145 3762 1.
2298 3724 2341 3769 r)
2370 3722 2596 3762 Ravenna
2630 3722 2675 3763 G
2706 3724 2751 3764 1.
2786 3725 2827 3765 2.

577 3774 618 3825 ι)
650 3776 921 3815 Ravennam
968 3779 1005 3816 F
1038 3781 1078 3818 1.
1113 3777 1154 3818 G
1186 3780 1225 3817 1.
1261 3780 1301 3817 2.
1452 3778 1488 3829 t)
1518 3781 1839 3820 defensionem
1869 3782 1907 3819 F
1941 3782 1981 3821 1.
2132 3778 2182 3831 u)
2213 3781 2278 3820 ita
2308 3782 2385 3820 hoc
2414 3782 2505 3820 loco
2538 3781 2577 3821 A
2614 3783 2655 3823 1.
2692 3782 2735 3821 G
2772 3785 2825 3832 13

579 3834 833 3884 spolatinis
863 3835 900 3874 Ε·
933 3838 972 3874 1.
1009 3836 1050 3877 G
1084 3839 1134 3886 23
1167 3836 1403 3887 Spolcntis
1437 3836 1553 3887 G43
1586 3838 1841 3888 spolitanis
1871 3840 1937 3878 vel
1967 3838 2231 3889 spoletanis
2262 3840 2356 3879 alii.
2475 3836 2521 3890 v)
2557 3850 2685 3890 pona
2714 3842 2755 3880 F
2778 3844 2825 3891 13

576 3904 748 3943 ponam
781 3892 822 3933 G
855 3895 903 3943 13
951 3906 1135 3944 pomam
1170 3896 1211 3937 G
1245 3898 1294 3941 23
1326 3898 1490 3946 positis
1540 3897 1582 3937 G
1612 3898 1692 3945 503
1739 3908 1913 3937 erasum
1946 3898 1988 3939 G
2017 3899 2060 3938 4.
2214 3896 2276 3948 w)
2309 3898 2410 3939 Hoc
2455 3898 2493 3938 F
2526 3901 2568 3939 1.
2618 3900 2663 3940 G
2698 3902 2739 3940 1.
2780 3902 2821 3943 2.

578 3951 628 4003 x)
657 3951 879 4001 pontifics
910 3953 946 3991 F
981 3956 1021 3993 1.
1143 3952 1190 4004 y)
1225 3956 1320 3994 usis
1351 3954 1394 3994 A
1426 3958 1448 3995 1
1487 3956 1598 4009 (alia
1628 3966 1763 3996 manu
1792 3968 1907 3997 corr.
1942 3955 2113 4008 iussis).
2144 3954 2206 3997 *2.
2242 3959 2283 3999 2.
2315 3958 2353 3997 Β
2384 3960 2424 3997 2.
2456 3958 2499 3997 D
2534 3960 2572 3999 1.
2603 3958 2643 3998 Ρ
2677 3960 2719 4001 1.
2758 3958 2825 4010 G;

579 4012 650 4051 usi
680 4011 722 4050 D
757 4012 805 4060 2;
835 4011 948 4050 lusis
981 4011 1022 4052 G
1056 4014 1096 4053 1.
1128 4013 1164 4051 F
1201 4014 1239 4052 2.
1275 4012 1316 4053 G
1347 4010 1393 4054 ⁸3
1425 4026 1446 4053 e
1476 4026 1620 4064 corr.;
1654 4017 1779 4056 ausis
1810 4017 1853 4056 D
1890 4016 1931 4057 3.
2084 4015 2127 4067 z)
2166 4018 2469 4057 constitueret
2496 4018 2533 4056 F
2570 4019 2618 4067 13
2653 4021 2825 4059 consti-

577 4074 786 4111 tueretur
818 4069 860 4110 G
887 4071 928 4111 1.
964 4072 1007 4111 2.
1041 4067 1102 4110 ⁸8.
1141 4094 1190 4102 —
1221 4075 1328 4111 sunt
1357 4073 1468 4113 deest
1499 4074 1551 4114 F.
1588 4076 1628 4113 G
1662 4074 1773 4126 (pont
1802 4076 1943 4125 suppl.
1980 4074 2022 4115 G
2055 4073 2113 4125 1).
2208 4073 2253 4127 a)
2286 4086 2445 4115 novum
2474 4076 2559 4117 inc.
2590 4088 2691 4127 cap.
2724 4080 2765 4118 F
2784 4082 2824 4120 1.

578 4126 625 4180 b)
657 4129 828 4170 Fon-on.
859 4130 880 4167 I
903 4130 939 4169 1.
1018 4127 1060 4180 c)
1093 4130 1490 4171 Montemvellium
1523 4134 1561 4173 A
1582 4134 1619 4173 2.
1653 4129 1723 4183 ‘83
1754 4134 2136 4175 Montembellum
2168 4134 2209 4175 A
2241 4136 2283 4174 3.
2360 4132 2406 4186 d)
2440 4138 2486 4176 et
2502 4136 2556 4177 Ρ.
2572 4137 2659 4180 du.
2695 4136 2737 4178 G
2757 4140 2826 4181 5ο.

583 4248 637 4310 1)
675 4247 763 4297 Ex
804 4247 868 4299 G.
904 4256 1051 4314 pont.
1093 4248 1247 4314 Greq.
1287 4248 1369 4300 II.
1540 4250 1600 4319 2)
1637 4252 1725 4303 Ex
1763 4252 1936 4303 Beda.
2104 4254 2161 4318 3)
2200 4252 2350 4304 Haec
2398 4271 2606 4321 quoque
2644 4254 2827 4307 omm‘a

578 4336 644 4371 επ
683 4320 746 4371 61.
776 4329 928 4385 pont.
968 4322 1226 4387 excerpsit
1261 4321 1486 4387 Paulus,
1526 4342 1922 4392 nonnumquam
1959 4326 2121 4377 verba
2156 4334 2389 4377 mutam.
