2984 4917
643 425 712 475 22
782 452 789 460 -
1106 422 1326 473 PAULI
1365 421 1715 474 HISTORIA
1752 421 2426 475 LANGOBARDORUM.

812 587 987 655 Sunt
1029 591 1288 676 quidem
1331 612 1500 676 quae
1554 590 1833 655 suadere
1867 592 2154 675 possint,
2213 589 2581 654 Historiam
2622 589 2879 675 Lanqo-

641 675 999 741 bardorum
1041 697 1172 738 non
1218 674 1407 738 semel
1449 673 1691 738 editam
1736 695 1890 756 esse,
1933 675 2046 738 sed
2087 673 2194 738 illi
2236 695 2403 758 quae
2444 675 2521 738 in
2558 673 2763 756 pteris
2808 695 2879 736 ue

641 767 854 824 eaestat
897 758 1227 823 codicibus
1270 757 1428 821 libri
1447 756 1719 841 formae
1764 756 1972 822 aliam
2007 759 2461 842 praecessisse.
2540 757 2625 821 In
2668 758 2742 821 in
2792 759 2877 822 icc

643 844 815 908 enim
860 844 1154 926 capitum
1193 842 1352 907 libri
1395 842 1497 906 VI.
1536 842 1771 906 ultima
1800 843 1931 906 duo
1960 841 2259 926 capitula
2290 863 2423 906 non
2452 849 2683 906 notata
2713 850 2879 922 sunt,

645 924 832 991 semel
873 930 1066 990 etiam
1112 925 1492 990 antecedens
1524 926 1676 1008 (56)
1716 928 2043 1007 omissum,
2087 934 2145 988 et
2186 927 2215 989 i
2263 947 2342 990 sa
2386 927 2544 990 haec
2587 925 2881 1010 capitula

646 1010 968 1094 (56—58)
1013 1010 1228 1075 codici
1283 1011 1517 1076 desunt
1572 1011 1689 1096 qui
1746 1009 2151 1096 singularem
2202 948 2405 1076 {auli
2455 1010 2881 1074 recensionem

693 1092 910 1157 raebet
939 1094 1040 1176 (B
1067 1093 1109 1156 2
1142 1092 1336 1177 infra
1365 1094 1815 1159 nominandus
1825 1116 1850 1176 ‚⁰
1882 1094 1947 1156 B
1982 1095 2011 1156 1
2030 1095 2183 1179 jam
2196 1092 2339 1176 fine
2367 1095 2711 1159 destitutus
2739 1096 2881 1174 est).

637 1117 829 1242 {iaec
873 1199 1008 1241 non
1051 1200 1209 1242 raro
1241 1177 1441 1242 Pauli
1481 1177 1679 1241 verba
1708 1179 2004 1258 mutavit,
2050 1178 2374 1262 quaedam
2404 1177 2599 1242 aliter
2624 1197 2880 1261 eaepres·

458 1271 625 1326 *9.98.
645 1263 763 1343 sit,
809 1261 1134 1346 quaedam
1175 1262 1368 1326 etiam
1413 1262 1697 1343 addidit,
1743 1284 1910 1347 quae
1955 1261 2036 1325 ab
2081 1263 2266 1345 *ipso
2299 1270 2563 1326 auctore
2582 1261 2884 1346 profecta

645 1367 777 1409 esse
820 1345 1076 1410 credere
1110 1367 1357 1430 posses.
1446 1344 1580 1410 Sed
1634 1345 1776 1410 alia
1827 1367 1909 1409 ex
1952 1367 2170 1410 errore
2228 1354 2391 1410 nata
2445 1346 2753 1409 videntur
2796 1344 2885 1408 vel

645 1438 808 1494 certe
838 1428 1047 1493 Paulo
1079 1429 1264 1494 baud
1292 1429 1645 1494 tribuenda
1668 1430 1751 1514 (I,
1774 1429 1877 1492 21.
1908 1426 2190 1514 adalingi
2208 1450 2342 1513 pro
2370 1426 2687 1512 Lithingi3
2712 1429 2807 1512 H,
2828 1426 2883 1490 9.

643 1509 1098 1593 machedonuS,
1141 1513 1527 1578 vocabulum
1575 1535 1859 1598 prorsus
1912 1513 2295 1578 inauditum
2331 1535 2459 1597 pro
2516 1533 2657 1575 mar
2700 1511 2884 1596 ahie),

644 1598 744 1660 ita
797 1606 872 1659 ut
929 1598 1369 1681 conjecturam
1423 1597 1611 1662 illam
1662 1607 1873 1662 tenere
1931 1599 2045 1662 vioe
2098 1597 2311 1661 liceat.
2397 1594 2600 1662 Pauli
2674 1597 2885 1662 ibrum

645 1681 1027 1768 neutiquam
1070 1682 1655 1766 =qrammaticorum
1707 1704 1948 1746 manus
2002 1682 2302 1762 evasisse,
2364 1683 2481 1767 qui
2538 1703 2885 1745 sermonem

645 1764 1101 1912 essqantiorem
1159 1765 1428 1830 reddere
1484 1765 1835 1847 studerent,
1894 1764 2050 1829 aliis
2104 1764 2435 1830 codicibus
2492 1766 2887 1849 comparatis

646 1871 677 1912 e
731 1870 1003 1913 ocemur.
2132 1895 2138 1898 >

813 1932 992 1996 Nam
1035 1953 1184 1995 mooe
1215 1933 1522 1997 Historia
1552 1932 2149 2018 Langobardorum
2176 1932 2776 2018 maynamfamam
2806 1939 2889 1994 est

645 2025 845 2080 nacta
874 2016 1313 2100 latissimeque
1342 2016 1712 2102 divulgata.
1771 2015 2081 2080 Andreas
2108 2016 2471 2103 Berqomas
2500 2025 2557 2079 et
2596 2015 2722 2081 alii
2750 2038 2892 2078 eam

647 2100 1173 2164 continuandam
1214 2109 1639 2184 susceperunt
1650 2122 1676 2182 ,·
1721 2101 1995 2164 Erchem
2045 2108 2219 2163 ertus
2261 2122 2364 2164 res
2393 2099 2891 2164 Beneventanus

645 2193 864 2270 qestas
924 2185 1380 2269 descripturus
1425 2185 1517 2248 ad
1568 2185 1714 2269 ejus
1773 2206 1951 2248 exem
2025 2206 2135 2247 um
2187 2193 2519 2267 provocat.
2608 2182 2892 2268 Saepius

647 2277 951 2352 excerpta
976 2267 1201 2352 facta,
1245 2268 1435 2332 modo
1480 2277 1555 2332 ut
1580 2290 1685 2332 res
1713 2268 1950 2354 Lanqo
1992 2268 2310 2332 ardorum
2352 2267 2611 2331 brevius
2656 2289 2893 2330 narra·

646 2361 897 2432 rentur,
941 2352 1129 2416 modo
1173 2353 1272 2416 ita
1303 2361 1375 2414 ut
1403 2372 1482 2416 ea
1556 2374 1680 2417 uae
1714 2352 1806 2416 ad
1832 2374 1936 2416 res
1966 2352 2309 2416 Romanas
2338 2360 2397 2415 et
2424 2349 2892 2415 ecclesiasticas

636 2435 1057 2519 pertinebant
1097 2438 1460 2519 separatim
1552 2436 2019 2500 escriberentur
2048 2439 2182 2518 (ita
2222 2439 2299 2500 in
2342 2435 2481 2499 cod.
2518 2433 2892 2500 Cheltenba-

647 2520 857 2582 mensi
901 2541 951 2582 s.
995 2518 1147 2599 IX).
1261 2518 1430 2592 Quot
1474 2528 1585 2582 uot
1641 2520 1719 2584 de
1776 2522 1967 2584 rebus
2009 2519 2534 2605 Lanqobardicis
2593 2528 2651 2582 et
2706 2517 2893 2582 Italis

639 2611 873 2687 postea
923 2611 1214 2686 eqerunt,
1273 2601 1476 2666 Paui
1530 2603 1695 2667 libro
1753 2605 1863 2668 usi
1917 2613 2068 2668 sunt
2088 2615 2127 2665 ¹.
2215 2605 2396 2667 Inter
2449 2624 2613 2687 quos
2666 2612 2896 2667 auctor

649 2687 766 2770 qui
820 2683 1018 2750 Gesta
1084 2688 1537 2770 episcoporum
1592 2687 2187 2772 Neapolitanorum
2249 2687 2546 2752 condidit
2597 2689 2898 2772 primum

648 2771 724 2834 in
755 2769 958 2834 Italia
987 2768 1195 2834 locum
1226 2770 1508 2834 obtinere
1536 2771 1827 2852 videtur,·
1856 2773 1931 2835 in
1959 2773 2257 2836 Francia
2284 2771 2545 2857 Reqino
2562 2781 2606 2832 ².
2662 2770 2899 2835 Postea-

650 2854 846 2917 etiam
897 2875 1117 2916 rerum
1160 2853 1585 2919 Danicarum
1637 2858 1920 2939 scriptor
1963 2855 2149 2920 Samo
2195 2853 2681 2920 Grammaticus
2724 2855 2898 2918 Pau-

649 2937 781 3000 lum
826 2939 1175 3022 exscripsit
1190 2946 1236 3001 ⁸.
1307 2937 1572 3004 Codices
1614 2961 1761 3003 vero
1805 2939 2315 3004 innumerabiles
2338 2938 2493 3023 fere
2523 2961 2657 3023 per
2700 2948 2899 3002 totam

649 3021 993 3105 Europam
1034 3024 1277 3105 sparsi,
1319 3024 1420 3087 ita
1462 3032 1536 3085 ut
1577 3025 1693 3087 vioe
1735 3023 1937 3086 ullum
1969 3045 2135 3108 opus
2165 3023 2566 3104 historicum,
2597 3024 2661 3086 si
2690 3044 2900 3085 unum

649 3105 937 3169 Martini
975 3105 1029 3168 O
1068 3108 1415 3190 paviensis
1458 3107 1813 3172 chronicon
1844 3108 1989 3170 eoeci
2038 3109 2163 3188 ias,
2193 3129 2324 3191 per
2350 3107 2635 3171 medium
2665 3128 2899 3170 aevum

648 3190 830 3279 toties
871 3192 956 3254 sit
997 3127 1391 3274 dPescriptum
1449 3213 1649 3276 quam
1690 3190 1891 3254 Pauli
1934 3131 2236 3255 IJistoria
2279 3190 2901 3276 Langobardorum.

647 3274 1032 3338 Etiamnum
1088 3272 1246 3358 plus
1311 3297 1509 3359 quam
1574 3284 1821 3339 centum
1889 3284 2147 3339 eoestant
2206 3273 2365 3338 libri
2434 3275 2901 3359 manuscripti,

650 3360 780 3422 sive
823 3359 1088 3442 integri,
1135 3359 1266 3421 sive
1307 3358 1604 3439 mutili4,·
1650 3358 1932 3423 aliorum
1964 3359 2151 3442 apud
2177 3359 2555 3422 recentioris
2587 3358 2905 3443 temporis

649 3442 1000 3524 scriptores
1021 3443 1322 3506 notitiam
1347 3442 1687 3524 habemus5
1719 3465 1852 3506 non
1863 3445 2083 3526 pauci
2093 3463 2377 3526 prorsus
2397 3442 2901 3506 interciderunt.

651 3583 794 3650 quod
844 3591 1030 3634 contra
1066 3583 1390 3634 Bethmanni
1438 3583 1749 3636 sententiam
1802 3593 1851 3637 et
1900 3594 2085 3638 contra
2135 3583 2372 3638 codicum
2423 3583 2627 3651 aliquot
2664 3582 2904 3638 auctori-

651 3664 810 3708 tatem
847 3671 913 3706 ae
953 3664 1002 3707 et
1038 3673 1146 3707 non
1184 3673 1214 3707 e
1251 3656 1457 3723 scripsi,
1498 3657 1674 3710 codice
1712 3659 2053 3724 epistolarum
2092 3657 2335 3726 Gregorii
2370 3655 2693 3710 Adamas-do
2721 3667 2901 3710 trans·

649 3728 807 3780 misso
858 3729 1206 3795 approbatur.
1309 3729 1378 3780 In
1427 3728 1597 3796 ipsius
1650 3729 1902 3796 epistolae
1960 3731 2238 3798 specimine
2288 3748 2323 3782 a
2384 3729 2703 3782 Mabillonio
2767 3731 2903 3784 edito

651 3802 870 3870 legitur:
911 3808 1136 3866 aestate,
1174 3808 1316 3866 tuso,
1355 3819 1470 3872 pre.
1624 3803 1679 3869 1)
1724 3803 1959 3867 Quorum
1994 3821 2244 3874 maynam
2271 3812 2489 3870 partem
2539 3805 2695 3870 affert
2740 3805 2905 3856 Beth·

647 3892 814 3926 mann
839 3892 904 3941 p.
958 3875 1085 3927 316.
1179 3873 1423 3926 Omnium
1467 3877 1703 3942 primwm
1749 3876 2093 3930 Einhardum
2141 3876 2411 3939 nomiman·
2464 3878 2559 3930 sed
2606 3877 2799 3930 nescio
2838 3893 2906 3927 an

651 3948 727 4000 ad
769 3964 1000 4000 errorem
1020 3949 1230 4000 -ductus
1267 3947 1468 4000 Pertzii
1513 3951 1703 4013 verbis,
1755 3949 1855 4002 SS.
1907 3950 1990 4016 II,
2030 3969 2097 4018 p.
2133 3952 2258 4014 429,
2299 3948 2392 4018 qui
2427 3967 2492 4016 p.
2544 3951 2675 4002 431.
2740 3951 2907 4004 Gesta

649 4029 857 4072 tantum
907 4020 1269 4087 episcoporum
1319 4021 1655 4074 Mettensium
1704 4021 1927 4074 indicat.
2100 4022 2158 4090 2)
2194 4021 2331 4075 Ante
2380 4040 2501 4075 eum
2560 4023 2909 4091 Waquridus

651 4091 842 4145 Strabo
881 4093 1049 4145 Pauli
1087 4093 1249 4146 Gesta
1283 4093 1765 4162 Langobardorum
1796 4091 2002 4160 laudat,
2041 4096 2127 4148 De
2151 4097 2260 4148 div.
2286 4097 2373 4162 off.
2398 4113 2444 4148 c.
2474 4096 2563 4161 28,
2603 4097 2689 4150 ed.
2722 4096 2909 4166 Meque

653 4164 787 4216 CXI
792 4167 849 4230 V,
879 4184 942 4233 p.
983 4168 1108 4219 962.
1257 4166 1316 4234 3)
1357 4168 1392 4220 l.
1447 4167 1609 4233 VIII,
1647 4169 1730 4221 ed.
1770 4169 1967 4223 Malleo-
1992 4187 2057 4236 p.
2111 4168 2217 4219 418
2256 4186 2332 4235 sq.
2493 4166 2553 4236 4)
2592 4171 2912 4223 Bethmann

653 4257 704 4290 a.
749 4240 909 4290 1851.
951 4239 1139 4304 (Ar-ch.
1173 4239 1243 4305 Χ,
1277 4258 1336 4305 Ρ.
1375 4241 1509 4306 319)
1554 4241 1623 4292 98
1660 4251 1905 4308 recenset,
1948 4244 2015 4294 15
2054 4241 2352 4309 deperditos
2378 4243 2537 4310 luqet.
2613 4243 2799 4296 Hunc
2836 4261 2909 4296 sc-

651 4313 834 4378 quitur
870 4312 1018 4377 Abel,
1066 4313 1273 4365 Transi.
1311 4331 1366 4380 p.
1405 4313 1560 4378 XXI,
1600 4313 1694 4382 qui
1735 4317 1839 4365 114
1888 4325 2039 4368 notos
2089 4333 2197 4368 esse
2247 4313 2392 4367 dicit.
2472 4315 2634 4368 Nunc
2672 4318 2797 4369 108
2836 4315 2913 4368 in-

651 4385 849 4450 dicare,
891 4404 936 4439 c.
976 4388 1046 4437 20
1085 4387 1382 4453 deperditos
1423 4389 1615 4454 afferre
1654 4387 1787 4440 licet.
2652 4393 2655 4396 ’
