2984 4917
395 418 615 469 PAULI
654 418 1000 471 HISTORIA
1039 418 1717 473 LANGOBARDORUM.
1792 422 1939 475 LIB.
1978 423 2075 474 VI.
2269 424 2377 475 225

305 585 404 650 28.
488 585 635 650 Hoc
663 595 950 685 tempore
973 587 1309 672 Aripertus
1327 598 1367 630 ⁸·
1390 600 1408 633 ¹
1435 611 1554 653 rex
1582 588 2153 675 Langobardorum
2184 590 2379 655 dona-

156 670 410 733 tionemb
463 670 832 755 patrimom1
881 669 964 734 Al
1013 671 1146 735 ium
1206 670 1563 736 Cottiarum
1581 684 1605 715 ⁰
1622 721 1639 755 ,
1739 694 1861 737 uae
1918 674 2241 759 quondam
2295 674 2378 739 ad

153 752 243 815 ius
280 754 712 838 pertinuerat‘¹
753 776 793 818 a
841 692 1142 819 ostoffieae
1198 755 1388 839 sediS,
1440 754 1552 820 sed
1609 778 1647 820 a
1745 755 2133 842 angobardis
2176 756 2376 821 multo

154 844 420 922 tempore
462 837 667 903 fuerat
707 838 791 902 ab
817 847 924 902 ata
943 849 988 922 ⁰,
1041 838 1318 903 restituit
1371 848 1434 903 et
1476 840 1641 904 hanc
1699 839 2106 906 donationem
2164 841 2376 906 aureis

157 922 498 985 exaratamf
547 920 772 987 litteris
813 922 1089 986 Romam
1148 922 1398 987 direxit.
1501 923 1662 987 His²
1720 924 1909 988 etiam
1966 923 2192 989 diebus
2244 926 2374 990 duo

155 1024 320 1151 reffies
370 1004 701 1069 Saxonum
751 1006 835 1069 ad
882 1007 1154 1091 vestigia
1204 1005 1640 1092 apostolorum
1688 1007 1962 1071 Romam
2023 1010 2374 1089 venienteS,

154 1108 222 1149 su
300 1086 649 1171 velocitate,
693 1098 768 1153 ut
808 1090 1134 1171 obtabant,
1180 1089 1462 1155 defuncti
1507 1100 1671 1155 sunt.
1736 1090 1749 1099 ’

301 1172 401 1236 29.
487 1173 672 1237 Tunc
693 1183 719 1219 ³
763 1195 1018 1259 quoque
1060 1175 1237 1239 venit
1265 1174 1655 1239 Benedictus
1696 1174 2212 1273 archiepiscopus
2241 1174 2375 1239 Me-

153 1250 566 1320 diolanensisz
597 1257 868 1321 Romam
912 1267 975 1322 et
1025 1279 1287 1322 causam
1332 1259 1462 1343 egit
1505 1279 1622 1344 pro
1664 1256 1935 1323 ecclesia
1977 1259 2373 1342 Tie1nensi¹=3

150 1336 251 1401 sed
275 1339 478 1405 victus
510 1350 623 1422 est,
665 1363 740 1405 eo
772 1342 946 1426 quod
974 1364 1014 1406 a
1062 1343 1291 1427 priscis
1334 1339 1731 1427 temporibus
1763 1343 2162 1407 Ticinensesi
2209 1344 2375 1427 *epi-
2395 1344 2472 1397 ‘P-
2508 1344 2607 1390 1⁷⁶·

150 1441 247 1484 sco
292 1422 312 1484 i
367 1444 408 1486 a
471 1424 763 1488 Romana
824 1424 1074 1490 fuerant
1137 1423 1407 1490 ecclesia
1470 1427 1841 1490 consecrati.
1928 1427 2116 1490 Fuit*
2160 1434 2375 1491 autem

143 1501 232 1568 his
275 1528 371 1572 em
421 1506 807 1575 venerabilis
860 1508 1249 1574 Benedictus
1303 1508 1517 1574 archie
1563 1510 1821 1595 iscopus
1879 1510 1982 1573 vir
2036 1510 2375 1608 egregiae*

146 1590 479 1655 sanctitatis
493 1640 510 1673 ‚
569 1591 651 1656 de
708 1613 836 1677 quo
893 1615 1009 1678 per
1065 1594 1432 1657 universam
1524 1591 1743 1658 taliam
1803 1593 2011 1659 bonae
2056 1594 2373 1679 opimonis

144 1669 300 1736 fama
337 1673 653 1761 flagravit.

291 1758 422 1823 30.¹
505 1759 712 1858 Igitur
754 1759 1049 1824 defuncto
1080 1759 1570 1824 Transamundo
1615 1761 1775 1826 duce
1817 1759 2494 1846 spolitanorumm,·1os.

140 1838 522 1907 Famaldusn
587 1866 724 1907 elus
770 1843 956 1926 filius,
1000 1844 1067 1906 in
1106 1842 1248 1908 loco
1292 1844 1493 1929 patris
1538 1854 1636 1909 est
1688 1845 2088 1930 subrogatus.
2172 1844 2373 1909 Deni-

138 1944 253 2007 que
281 1891 736 2012 Wachiiapus⁰
777 1948 1122 2013 germanus
1163 1927 1283 1992 fuit
1325 1926 1795 1992 Transamundi
1840 1938 1904 1991 et
1946 1949 2091 1992 cum
2133 1928 2325 1993 fratre
2342 1940 2371 1981 Ρ

139 2008 364 2090 pariter
404 2010 680 2075 eundem
694 2024 723 2065 (Ι
765 2012 934 2075 rexit
977 2010 1298 2075 ducatum.

154 2106 162 2113 ‘
293 2092 393 2158 31.
496 2094 584 2158 At
651 2116 807 2159 vero
872 2095 1262 2159 Iustinianus
1283 2107 1336 2178 ⁵,
1405 2096 1517 2193 qui
1574 2094 1808 2158 amisso
1874 2095 2241 2180 principatu
2299 2097 2367 2157 in

134 2172 327 2239 Ponto
343 2189 368 2219 ¹·
415 2176 784 2260 'exulabat⁸,
848 2177 1091 2241 auxilio
1135 2177 1453 2244 Terebelll
1490 2178 1842 2264 Bulgarum
1885 2179 2057 2263 regis
2097 2200 2368 2264 regnum
2392 2198 2491 2241 τοῦ.

135 2277 341 2324 rursus
367 2263 710 2347 recipiens,
743 2285 852 2327 eos
884 2263 997 2361 qui
1027 2284 1094 2326 se
1125 2261 1505 2350 expulerant
1530 2263 1837 2361 patricios
1869 2260 2123 2326 occidit.
2210 2261 2370 2326 Leo-

132 2362 272 2406 nem
313 2366 573 2431 quoque
617 2355 682 2411 et
710 2346 1061 2428 Tiberium,
1106 2349 1216 2432 qui
1243 2347 1458 2410 locum
1488 2368 1628 2411 elus
1671 2355 2155 2431 usurpaverant,
2201 2346 2373 2431 cepit

133 2428 222 2487 ett
263 2428 330 2491 in
374 2429 588 2493 medio
619 2431 831 2495 circo¹¹
877 2452 1094 2495 coram
1124 2432 1297 2494 omni
1325 2428 1567 2515 populo
1610 2428 1887 2515 iugulari
1928 2429 2081 2494 fecit
2095 2441 2145 2492 V.
2223 2426 2371 2492 Gal-

129 2506 433 2575 licinumw
461 2536 615 2578 vero
646 2513 1108 2602 patriarcham¹
1135 2512 1912 2599 Constantinopolitanum
1941 2513 2136 2577 erutis
2167 2510 2370 2576 oculis

129 2591 395 2659 Romam
459 2598 635 2661 misit
699 2596 1073 2685 Cyl-umque
1090 2609 1122 2652 Y
1199 2597 1527 2679 abbatem,
1606 2598 1717 2696 qui
1790 2619 1936 2662 eum
1992 2598 2061 2659 in
2125 2597 2330 2660 Ponto
2344 2606 2368 2638 ¹

128 2677 377 2743 exulem
436 2680 682 2746 aluerat
696 2692 741 2764 ⁸,
787 2681 1164 2769 episcopum
1190 2683 1260 2745 in
1294 2680 1434 2745 loco
1468 2679 1769 2747 Gralhcini
1811 2682 2155 2746 constituit.
2242 2679 2373 2743 Hic

131 2758 615 2829 Constantinum
646 2787 883 2851 papam
911 2764 997 2828 ad
1027 2788 1096 2830 se
1139 2766 1359 2831 venire
1402 2764 1651 2848 iubens,
1694 2765 2043 2830 honorifice
2089 2764 2373 2848 suscepit

127 2922 170 2975 a)
200 2925 391 2979 Aripert
421 2928 463 2968 A
484 2930 527 2971 2.
560 2927 660 2970 (32.
751 2926 800 2979 b)
833 2928 1089 2969 donacione
1115 2928 1152 2967 F
1174 2929 1214 2969 1.
1307 2926 1351 2979 c)
1383 2926 1707 2979 Scot1e)iarum
1740 2928 1779 2968 G
1799 2929 1938 2979 1-83
1971 2928 2232 2969 Guttisrnm
2264 2929 2303 2969 B
2326 2929 2371 2968 2.

125 2982 171 3033 d)
201 2988 530 3034 pertinuerant
565 3008 608 3019 ·-
665 2986 850 3027 fueraut
881 2988 932 3029 0.
965 2987 989 3027 1
1023 2989 1077 3037 13
1120 2989 1440 3036 pertinuerant
1478 2998 1595 3029 corr.
1624 2987 1915 3037 pertinuerat
1946 2988 1987 3027 D
2021 2989 2063 3026 1.
2212 2985 2256 3037 e)
2290 2987 2371 3026 ab·

127 3042 264 3083 iatam
293 3046 330 3085 P
365 3047 406 3087 1.
561 3044 596 3097 s)
630 3050 820 3086 exarata
852 3045 893 3086 G
929 3050 968 3087 1.
1119 3044 1165 3096 g)
1199 3046 1560 3087 MedIoianensis
1611 3068 1662 3075 —
1711 3045 2085 3095 archiepiscopus
2134 3045 2223 3083 dee.
2257 3044 2292 3085 O
2324 3044 2369 3085 2.

125 3101 170 3152 h)
201 3104 464 3146 Ticiniensi
498 3104 540 3146 G
572 3107 613 3145 1.
647 3106 690 3146 2.
842 3102 876 3157 i)
908 3105 1194 3145 Ticinienses
1227 3104 1268 3145 G
1301 3106 1340 3145 1.
1377 3105 1431 3153 23
1477 3104 1741 3144 Ticinensis
1784 3104 1823 3143 E
1859 3106 1899 3144 1.
1933 3105 1969 3143 F
2003 3105 2041 3142 1.
2077 3102 2117 3143 G
2149 3103 2199 3152 33
2247 3103 2369 3142 'rici-

126 3163 278 3203 nensis
309 3165 562 3214 episcopus
592 3164 645 3205 R.
679 3164 830 3203 fuerat
861 3174 902 3204 e.
937 3167 1207 3204 consecrata
1239 3163 1274 3204 O
1307 3165 1348 3204 1.
1383 3163 1433 3211 33
1481 3163 1744 3203 'steinensis
1776 3172 1851 3211 ep.
1886 3162 1941 3202 R.
1974 3162 2159 3202 fuerant
2189 3171 2229 3201 e.
2263 3172 2369 3202 con-

125 3225 300 3261 secrata
329 3234 448 3263 corr.
465 3224 520 3267 Τ.
551 3223 761 3273 episcopi
792 3233 821 3262 a
850 3222 1071 3263 Romanis
1101 3222 1254 3263 fuerat
1284 3233 1324 3262 e.
1342 3226 1612 3262 consecrata
1642 3221 1683 3260 D
1702 3222 1742 3271 1,
1774 3226 1812 3259 σε
1842 3221 1906 3260 ita
1935 3220 2064 3260 ceteri
2093 3221 2151 3260 D.
2170 3220 2214 3259 Η
2248 3219 2367 3273 (ubiz

125 3282 402 3335 episcopii„
433 3282 698 3321 'l'icinensis
730 3283 976 3332 episcopus
1007 3281 1061 3323 R.
1094 3281 1248 3321 fuerat
1278 3292 1304 3322 e
1348 3284 1631 3329 congregata
1661 3279 1696 3319 C
1727 3280 1808 3328 4⁸3
1841 3279 2105 3320 Tieinensis
2137 3279 2371 3328 episeopis

125 3338 382 3380 Romanam
415 3342 602 3382 fuerant
632 3351 674 3381 e.
706 3340 1142 3389 congregat204b3
1173 3340 1437 3380 Ticinensis
1468 3339 1763 3389 episcopatus
1793 3338 1969 3378 Romae
2000 3338 2154 3378 fuerat
2184 3347 2225 3377 e.
2262 3347 2371 3377 con-

127 3402 311 3447 gregata
344 3398 382 3441 O
413 3400 444 3439 5
475 3396 664 3451 (orech).
697 3420 750 3429 -
782 3399 931 3439 Roma
962 3398 1004 3439 G
1035 3399 1077 3440 3.
1197 3397 1247 3448 k)
1281 3400 1461 3447 gratiae
1493 3396 1535 3437 G
1569 3395 1697 3441 1-3,
1846 3395 1883 3448 l)
1914 3397 1989 3436 hoo
2017 3407 2113 3447 cap.
2146 3407 2226 3435 om.
2261 3396 2296 3438 0
2328 3396 2371 3437 3.

128 3457 185 3508 m)
231 3457 578 3509 Spolitinorum
625 3457 667 3499 G
701 3458 830 3499 1-8,
997 3455 1048 3509 n)
1079 3457 1334 3497 ramaldus
1380 3455 1423 3496 A
1453 3458 1494 3498 2.
1530 3456 1571 3496 3.
1614 3457 1673 3507 D,
1720 3455 1799 3494 alii
1812 3466 1825 3505 3
1884 3456 2135 3495 Feiualdus
2183 3454 2219 3495 C
2253 3456 2297 3498 1.
2329 3456 2373 3496 2.

127 3514 171 3566 ο)
202 3516 571 3568 Wacchssappus
617 3517 659 3557 A
691 3516 718 3557 8
761 3516 904 3569 (eraso
949 3527 1040 3556 uno
1073 3514 1129 3565 c).
1180 3515 1222 3556 G
1252 3515 1303 3565 33
1353 3516 1669 3565 Wacchilipus
1702 3513 1742 3554 G
1773 3514 1826 3563 43
1873 3514 2219 3565 Wacchilispus
2249 3514 2286 3553 F
2322 3515 2373 3563 13

126 3574 460 3627 Wacchilapus
479 3575 522 3617 G
540 3578 592 3624 13
624 3575 952 3626 Wschilsphus
971 3575 1014 3616 G
1029 3574 1107 3624 60;
1132 3574 1415 3625 Vachilspus
1435 3574 1470 3613 C
1489 3575 1538 3623 13
1570 3573 1804 3616 valchius
1833 3574 1871 3612 F
1888 3575 1930 3614 2.
2020 3572 2069 3624 p)
2104 3573 2247 3613 trater
2273 3573 2312 3612 F
2332 3574 2374 3615 1.

125 3631 174 3684 q)
203 3636 316 3675 deut
346 3634 394 3675 A
426 3632 491 3676 ‘3.
630 3632 672 3686 r)
702 3636 857 3675 Pontu
889 3633 931 3674 G
963 3634 1006 3676 ⁸.
1141 3631 1183 3684 s)
1216 3634 1342 3673 exul.
1379 3655 1432 3664 -
1464 3632 1589 3682 regis
1620 3632 1707 3673 dee.
1738 3632 1793 3673 1³.
1827 3630 1883 3673 G.
2034 3629 2069 3681 t)
2100 3635 2146 3672 et
2179 3652 2232 3662 —-
2263 3631 2378 3673 feeit

121 3694 204 3735 des.
238 3696 282 3734 A
314 3695 359 3735 2.
487 3691 537 3745 u)
571 3694 746 3733 circum
777 3692 820 3735 G
851 3694 893 3735 1.
927 3694 968 3733 2.
1002 3690 1063 3733 ’3.
1095 3693 1137 3733 3.
1174 3713 1220 3723 -
1261 3701 1418 3731 coram
1447 3692 1559 3731 decet
1588 3692 1625 3731 F
1660 3692 1701 3730 1.
1736 3711 1788 3720 —
1822 3691 1949 3730 omni
1980 3690 2091 3731 deest
2121 3692 2164 3730 D
2186 3692 2227 3731 2.
2264 3690 2306 3731 G
2331 3691 2374 3732 8.

124 3749 170 3803 v)
202 3753 328 3803 cepit
355 3753 396 3793 F
433 3755 484 3802 13
514 3754 726 3803 precepit
747 3753 802 3792 E.
834 3751 890 3794 G.
923 3751 947 3792 1
979 3752 1024 3793 2.
1141 3748 1203 3803 w)
1243 3749 1481 3791 Gallinam
1512 3748 1552 3789 A
1587 3750 1638 3799 13
1671 3749 1923 3790 Gallicium
1953 3749 1991 3789 E
2011 3752 2059 3801 13
2094 3749 2375 3791 Gellinicum

124 3820 148 3849 e
175 3822 289 3852 corr.
322 3812 368 3852 D
406 3812 450 3862 1,
482 3816 520 3851 et
549 3812 614 3851 ita
643 3812 769 3852 ceteri
794 3812 853 3852 D.
886 3810 924 3850 Ρ
955 3811 1000 3850 4.
1033 3808 1076 3851 G
1106 3807 1179 3859 ’33
1211 3808 1486 3851 Βιῑὶίοίηιιω
1517 3809 1555 3847 F
1587 3807 1629 3851 5.
1664 3807 1705 3848 G
1738 3809 1777 3850 1.
1814 3809 1868 3857 23
1901 3807 2175 3849 Sollicinum
2210 3806 2313 3849 Ga.
2332 3809 2374 3847 4.

125 3868 173 3919 x)
203 3870 480 3922 patriarche
510 3870 546 3909 P
581 3872 622 3914 1.
755 3868 804 3922 y)
838 3867 1164 3922 Gi(y)rumque
1196 3867 1238 3909 G
1269 3868 1311 3908 3.
1344 3869 1397 3917 43
1441 3867 1718 3916 circumque
1747 3865 1789 3905 A
1821 3866 1861 3908 3,
1893 3868 1936 3906 D
1970 3866 2013 3909 3.
2148 3864 2191 3918 z)
2223 3866 2375 3906 Pontu

126 3928 168 3967 G
199 3930 250 3979 23
282 3933 484 3981 pontem
516 3928 551 3970 0
586 3932 628 3973 1.
745 3927 793 3981 a)
825 3929 1052 3969 maluerat
1081 3928 1118 3967 P
1153 3929 1194 3970 1.
1227 3926 1268 3967 G
1301 3927 1343 3968 2.
1377 3928 1430 3975 33
1463 3926 1711 3966 malluerst
1743 3924 1783 3965 G
1818 3927 1857 3964 1.

127 4078 184 4147 1)
223 4080 316 4131 Ex
358 4080 427 4131 θ.
465 4082 613 4143 pont.
639 4076 759 4129 Joh.
799 4076 924 4127 VII.
963 4083 1012 4128 et
1036 4076 1207 4128 Beda.
1285 4075 1344 4141 2)
1382 4076 1470 4126 Ex
1500 4075 1565 4125 G.
1584 4083 1736 4141 pont.
1768 4072 1939 4127 Consi.
2016 4072 2075 4140 3)
2113 4071 2376 4126 Indidem.

123 4155 184 4218 4)
225 4153 312 4205 De
351 4149 646 4204 Benedicto
683 4151 751 4216 qs.
793 4147 1060 4201 Muratori
1097 4148 1294 4201 Anecd.
1335 4148 1376 4199 I
1381 4166 1398 4209 ‚-
1439 4146 1541 4199 SS.
1581 4147 1685 4211 IV,
1724 4148 1822 4209 76,-
1873 4146 1994 4197 Mai
2032 4142 2196 4197 Olass.
2237 4151 2375 4197 auct.

138 4226 196 4288 V,
227 4227 428 4295 praes.
469 4225 560 4276 43.
597 4220 800 4275 Auctor
835 4230 909 4275 est
947 4221 1205 4289 epitaphii
1245 4219 1577 4273 Oeadwaczae
1613 4219 1752 4289 regis
1790 4236 1959 4286 supra
1994 4236 2036 4269 c.
2081 4218 2166 4268 15.
2262 4217 2380 4268 ΒΕ.

125 4300 188 4366 5)
227 4300 390 4353 Haec
417 4328 488 4337 —-
516 4296 734 4359 occidit,
773 4297 1011 4349 Leonem
1041 4322 1107 4333 —
1147 4296 1278 4346 fecit
1302 4310 1367 4346 ex
1407 4294 1472 4347 G.
1499 4302 1653 4361 pont.
1689 4294 1811 4346 Joh.
1849 4291 1975 4343 VII.
2050 4289 2280 4355 Reliqua
2318 4306 2382 4343 σω

124 4372 304 4427 Beda.

1838 4467 1903 4515 15
