2984 4917
408 619 510 660 665.

388 1156 401 1170 .
437 1128 507 1168 74.

403 1461 505 1506 570.

531 350 601 401 86
824 349 1045 401 PAULI
1084 347 1433 401 HISTORIA
1469 347 2138 400 LANGOBARDORUM.
2214 348 2360 400 LIB.
2399 349 2476 400 ΙΙ.

530 516 729 584 multa
770 516 1081 582 beneficia
1124 513 1419 599 contulit3
1466 516 1581 580 sed
1622 515 1966 580 novissime
2012 514 2286 600 superbe
2327 514 2778 582 rebellantema

532 612 595 668 et
646 623 915 687 regnare
980 600 1371 685 cupientem,
1448 597 1657 664 bellov
1716 609 2088 685 superatum
2161 607 2227 662 et
2289 607 2552 698 captum
2603 599 2780 665 celsa

530 686 651 752 de⁶
702 684 885 750 trabe
928 682 1263 769 suspendit
1286 695 1324 747 ¹.
1418 683 1518 747 Eo
1571 704 1698 770 quo
1745 704 1824 747 ue
1865 694 2152 768 tempore
2195 680 2420 747 Narsis
2463 685 2781 769 patricius

576 795 643 836 er
690 768 1125 855 Dagisteum‘l
1190 790 1297 831 ma
1347 767 1571 832 'strum
1634 769 1720 830 mi
1749 769 1933 849 'tum,
1998 767 2209 831 virum
2268 766 2651 832 bellicosum
2716 779 2783 832 et

524 793 781 936 lbrtem,
824 854 1157 918 universos
1200 851 1301 915 Ita
1325 853 1425 916 iae
1482 851 1643 916 fines
1689 851 1976 916 obtenuit
1990 862 2032 915 ².
2131 851 2261 915 Hic
2313 851 2538 916 Narsis
2594 853 2779 938 prius

526 938 789 1026 quidem
820 935 1241 1001 chartularius
1259 947 1301 978 θ·
1318 946 1342 980 ³
1371 935 1511 1018 fuit,
1561 935 1790 1001 deinde
1807 935 1830 977 f
1857 944 2121 1022 propter
2148 936 2461 1000 virtutum
2477 947 2508 990 8
2542 938 2779 1002 merita

526 1023 903 1123 patriciatus
947 1021 1253 1085 honorem
1310 1021 1682 1105 promeruit.
1767 1019 1928 1085 Erat
1969 1023 2226 1084 autemh
2278 1021 2383 1084 vir
2423 1021 2780 1106 piissimuS,

526 1129 595 1171 m
650 1104 766 1170 reli
814 1107 958 1170 ione
1018 1102 1397 1186 catholicuS,
1454 1107 1523 1168 in
1565 1126 1882 1190 pauperes
1926 1103 2322 1187 *munificu5,
2363 1105 2463 1168 ini
2510 1126 2783 1191 recupe-

526 1189 743 1254 randis
768 1128 1065 1254 {asilicis
1110 1190 1265 1253 satis
1284 1189 1314 1231 Ι*
1355 1188 1696 1271 studiosus,
1737 1186 1974 1274 vigiliis
2012 1197 2076 1252 et
2109 1188 2502 1253 orationibus
2525 1189 2595 1252 in
2642 1199 2783 1254 tan-

526 1284 662 1340 tum
692 1271 975 1354 studens,
1006 1281 1078 1336 ut
1115 1271 1259 1358 plus
1289 1270 1864 1358 supplicationibus
1893 1271 1979 1337 ad
2012 1272 2228 1336 Deum
2267 1272 2782 1359 profusis-quam

524 1359 721 1423 armis
762 1355 1008 1422 bellicis
1052 1356 1389 1421 victoriam
1434 1356 1768 1422 obtineret.
2136 1427 2148 1440 ,
2581 1380 2601 1398 ⁶

689 1444 751 1508 4.
839 1441 1052 1504 Huius
1108 1440 1503 1526 temporibus
1547 1440 1614 1503 in
1667 1441 1998 1526 provincia
2047 1441 2417 1526 praecipue¹
2472 1440 2784 1524 Liguriae

524 1527 809 1591 maxima
851 1523 1234 1611 pestilentia
1299 1535 1522 1590 exorta
1585 1533 1682 1589 est
1695 1534 1739 1586 ⁴.
1849 1523 2074 1590 Subito
2142 1525 2310 1590 enim
2375 1523 2784 1623 apparebant

421 1659 432 1672 .
525 1611 842 1697 quaedam
896 1608 1228 1695 signacula
1270 1631 1387 1694 per
1429 1607 1674 1691 domOS,
1717 1606 1945 1691 hostia,
1988 1630 2145 1672 vasa
2186 1606 2331 1674 vel¹¹¹
2373 1617 2782 1692 vestimenta,

431 1728 441 1738 ·
526 1717 692 1843 {uae
735 1696 791 1757 si
834 1695 979 1780 quis
1021 1691 1329 1758 voluisset
1368 1692 1657 1774 abluere,
1715 1693 1921 1778 magis
1972 1692 2310 1791 magisque
2353 1693 2780 1798 apparebant.

584 1787 683 1842 ost
746 1800 988 1842 annum
1037 1799 1190 1842 vero
1256 1775 1587 1862 expletum
1645 1797 1758 1842 coe
1808 1786 1994 1842 erunt
2041 1798 2221 1840 nascl
2271 1799 2339 1840 m
2402 1775 2781 1860 mguinibus

524 1862 856 1927 hominum
921 1860 1025 1926 vel
1087 1862 1152 1924 in
1206 1859 1347 1925 aliis
1413 1799 1898 1946 deligatiorilbus
1916 1873 1945 1902 ¹¹
2005 1859 2164 1925 locis
2227 1859 2575 1946 glandulae
2593 1873 2620 1908 ⁰
2702 1861 2776 1924 in

526 1947 793 2011 modum
834 1947 1019 2010 nucis
1064 1967 1180 2009 seu
1223 1944 1522 2027 dactulil’,
1569 1966 1728 2031 quas
1757 1967 1913 2009 mox
1957 1925 2468 2031 subsequebatur
2495 1945 2784 2011 febrium

526 2028 941 2096 intolerabilis
1006 2038 1247 2110 aestuS,
1320 2030 1410 2092 ita
1466 2038 1538 2093 ut
1613 2030 1682 2092 in
1737 2027 1950 2093 triduo
2004 2027 2196 2092 homo
2276 2030 2784 2114 extingueretur.

528 2115 645 2180 Sin
686 2136 843 2179 vero
889 2113 1119 2201 aliquis
1162 2112 1447 2177 triduum
1489 2114 1921 2198 transegisset,
1966 2111 2252 2186 habebat¹
2269 2135 2298 2176 s
2349 2135 2451 2177 em
2494 2113 2781 2178 vivendi.

522 2199 729 2262 Erat‘l
772 2208 985 2264 autem
1028 2197 1142 2262 ubi
1188 2219 1269 2261 ue
1306 2195 1535 2280 luctuS,
1581 2197 1820 2283 ubique
1861 2195 2183 2261 lacrimae.
2331 2219 2455 2279 am,
2497 2207 2570 2261 ut
2598 2197 2785 2284 vulgi

524 2305 743 2348 rumor
783 2281 1066 2347 habebat
1081 2331 1097 2364 ,
1139 2221 1483 2366 Rigientes'
1528 2280 1776 2346 cladem
1817 2282 2046 2366 vitare,
2096 2280 2624 2368 relinquebantur
2666 2281 2782 2347 do-

522 2389 669 2432 mus
702 2367 989 2432 desertae
1018 2363 1508 2441 habitatoribuS,
1553 2364 1703 2430 solis
1735 2365 1961 2429 catulis
1993 2365 2256 2429 domum
2279 2377 2300 2408 ⁸
2346 2365 2778 2430 servantibus·

522 2450 788 2516 Peculia
831 2450 965 2514 sola
1005 2447 1423 2514 remanebant
1478 2450 1546 2512 in
1589 2450 1850 2534 pascuis
1868 2498 1884 2531 ,
1927 2448 2103 2514 nullo
2161 2449 2452 2522 adstante
2493 2458 2779 2535 pastore.

526 2533 865 2600 Cernerest
907 2533 1157 2619 pridem
1199 2532 1384 2597 villas
1428 2554 1543 2596 seu
1600 2542 1808 2598 castra
1864 2533 2108 2619 repleta
2147 2532 2516 2620 agminibus
2571 2535 2781 2600 homi-

521 2641 697 2700 num,
740 2627 997 2704 postera
1038 2628 1231 2682 vero¹¹
1274 2615 1379 2681 die
1443 2617 1755 2682 universis
1796 2617 2189 2703 fugientibus
2248 2628 2480 2683 cuncta
2523 2642 2662 2684 esse
2710 2622 2784 2684 in

526 2722 775 2765 summo
821 2700 1089 2765 silentio.
1173 2700 1542 2785 Fugiebant
1568 2699 1701 2783 filii,
1745 2701 2060 2766 cadavera
2087 2702 2406 2788 insepulta
2429 2713 2779 2788 parentum

520 2784 1000 2870 relinquentesv,
1024 2793 1319 2870 parentes
1345 2783 1524 2850 obliti
1544 2785 1798 2871 pietatis
1808 2786 2059 2852 viscera
2071 2797 2256 2851 natos
2277 2785 2777 2874 relinquebantw

524 2927 570 2978 a)
601 2928 825 2970 rebellem
858 2928 893 2970 C
926 2926 990 2968 *1.
1025 2930 1065 2968 1.
1100 2930 1141 2970 2.
1175 2930 1218 2968 D
1252 2930 1294 2970 2.
1329 2929 1370 2968 3.
1504 2927 1552 2980 b)
1585 2931 1761 2970 bellum
1791 2932 1829 2970 F
1863 2933 1906 2973 1.
2040 2931 2081 2984 c)
2111 2932 2221 2973 deest
2250 2934 2290 2974 E.
2324 2935 2375 2983 13
2421 2935 2472 2973 in
2501 2933 2540 2972 F
2573 2934 2617 2974 2.
2651 2935 2693 2976 3.
2729 2936 2774 2976 4.

524 2987 567 3029 G
596 2989 641 3028 4.
672 2989 697 3028 1
728 2989 780 3037 ὃς
826 2989 998 3030 celsam
1042 2987 1098 3028 de
1128 2989 1166 3027 F
1200 2990 1239 3028 1.
1276 2987 1317 3028 G
1352 2989 1392 3030 1.
1426 2989 1466 3027 2.
1502 2986 1573 3038 ‘33
1621 2990 1791 3029 celsam
1822 3001 1927 3030 eum
1957 2993 1989 3030 t.
2023 2991 2065 3032 G
2097 2993 2148 3042 33
2196 2993 2369 3033 celsum
2413 2993 2470 3032 de
2500 2993 2546 3032 H
2577 2992 2630 3042 53
2675 2995 2779 3034 alta

522 3047 579 3087 de
623 3046 658 3088 G
691 3049 732 3088 2.
885 3045 931 3098 d)
974 3049 1288 3097 Dagisterium
1331 3048 1374 3086 D
1408 3046 1499 3088 Ἔα.
1535 3049 1576 3088 3.
1610 3050 1653 3091 4.
1834 3047 1878 3100 e)
1921 3051 1986 3089 ita
2023 3051 2090 3089 vel
2147 3053 2309 3092 cartul.
2352 3052 2429 3091 hoc
2471 3053 2563 3090 loco
2606 3063 2772 3096 omnes.

520 3103 557 3156 f)
586 3107 753 3148 deinde
805 3129 857 3137 —
902 3109 1160 3157 promeruit
1199 3107 1283 3145 dee.
1318 3107 1353 3146 C
1388 3107 1429 3148 3.
1567 3105 1615 3158 g)
1647 3108 1830 3148 virtutis
1876 3109 1917 3148 A
1949 3109 1993 3150 5.
2025 3109 2068 3149 6.
2116 3110 2154 3148 F
2188 3109 2246 3149 1?
2289 3112 2461 3151 virtum
2490 3111 2529 3150 B
2565 3113 2605 3163 1,
2652 3123 2775 3154 corr.

520 3167 742 3206 virtutum
772 3165 813 3204 A
846 3167 895 3215 ὃς
942 3167 1161 3207 virtutem
1190 3167 1228 3204 E
1264 3166 1310 3206 1.
1339 3164 1397 3206 G.
1438 3185 1481 3194 —
1518 3167 1684 3206 merito
1726 3168 1763 3206 F
1797 3170 1838 3208 1.
1874 3166 1915 3207 G
1949 3170 2076 3207 1—4.
2109 3165 2172 3209 ·5.
2204 3168 2286 3218 5a3
2329 3170 2496 3210 merita
2537 3181 2580 3211 v.
2619 3169 2660 3210 G
2691 3171 2772 3216 5b.

519 3223 570 3277 h)
603 3226 727 3265 enim
759 3226 801 3264 D
835 3225 876 3266 2.
912 3227 954 3268 3.
1072 3223 1107 3274 i)
1140 3227 1193 3265 in
1226 3247 1279 3255 -
1312 3228 1429 3264 orat.
1461 3225 1550 3268 dee.
1584 3225 1619 3266 C
1645 3227 1687 3266 3.
1808 3223 1858 3278 k)
1891 3229 1947 3267 st.
1979 3239 2016 3270 s.
2047 3228 2090 3267 D
2110 3229 2150 3270 3.
2185 3227 2226 3268 G
2251 3229 2292 3267 2.
2412 3227 2448 3280 1)
2479 3229 2591 3268 deest
2621 3230 2674 3270 F.
2711 3231 2775 3274 G.

519 3283 585 3335 m)
617 3285 727 3323 deest
758 3283 801 3323 A
834 3285 875 3324 2.
1008 3283 1058 3336 n)
1090 3285 1154 3322 ita
1184 3283 1226 3323 A
1259 3284 1297 3325 1.
1332 3285 1373 3323 2.
1402 3285 1439 3322 Β
1475 3285 1518 3325 1.
1551 3285 1588 3323 F
1623 3287 1661 3324 1.
1697 3285 1739 3326 G
1772 3287 1816 3325 1.
1850 3285 1904 3327 Θ.
1934 3287 2095 3336 Neap.;
2130 3287 2312 3328 delicat.
2359 3289 2508 3337 cetera&
2551 3289 2594 3332 d.
2633 3299 2778 3330 mem-

518 3343 615 3383 bris
646 3345 688 3382 D
724 3345 765 3384 9..
800 3343 841 3383 8.
965 3341 1011 3393 o)
1046 3343 1313 3392 glandicule
1344 3341 1387 3381 A
1419 3345 1469 3391 33
1503 3345 1750 3392 glandolae
1780 3346 1817 3384 F
1852 3347 1892 3384 1.
1927 3345 1968 3385 G
2002 3348 2041 3388 1.
2077 3346 2116 3386 8.
2251 3345 2300 3397 p)
2333 3349 2398 3386 ita
2429 3347 2471 3387 A
2504 3349 2545 3387 1.
2577 3348 2620 3390 2.
2653 3349 2693 3388 B
2732 3353 2776 3392 1.

522 3401 556 3443 O
591 3402 650 3441 ·1.
684 3403 727 3440 D
762 3403 803 3442 1.
836 3402 873 3440 F
906 3403 949 3441 1.
980 3402 1031 3442 61.
1064 3403 1225 3450 Neap.;
1270 3401 1429 3441 dactili
1460 3403 1502 3440 A
1535 3403 1578 3444 3.
1612 3403 1654 3444 G
1686 3406 1727 3444 1.
1763 3404 1804 3455 2,
1837 3404 1928 3442 alii.
2062 3405 2111 3453 q)
2141 3406 2287 3445 Erant
2326 3406 2367 3446 A
2400 3408 2442 3447 2.
2476 3406 2526 3449 Ο.
2559 3408 2618 3447 D.
2651 3408 2697 3447 Η
2734 3411 2778 3453 1.

519 3461 544 3499 1
577 3462 618 3512 1,
664 3470 779 3500 corr.
827 3463 927 3499 erat
956 3461 993 3498 Β
1030 3462 1079 3509 1;
1139 3460 1287 3499 Erant
1321 3481 1372 3490 —
1420 3461 1643 3501 lacrimae
1689 3463 1776 3502 dee.
1810 3461 1852 3502 G
1884 3460 1945 3502 ·5.
2095 3460 2136 3515 r)
2169 3470 2444 3514 quaerentes
2493 3477 2531 3510 c.
2564 3478 2608 3508 v.
2646 3466 2687 3507 G
2722 3469 2778 3519 Ως

518 3518 555 3560 f.
585 3528 624 3562 c.
670 3519 818 3558 vitare
862 3519 1073 3559 volentes
1107 3519 1155 3560 C.
1186 3518 1210 3556 Ι
1242 3519 1289 3567 1;
1334 3519 1530 3559 vitarem
1561 3520 1603 3560 A
1633 3521 1683 3570 43
1729 3525 1872 3561 uttam
1903 3534 2018 3565 corr.
2069 3525 2167 3563 vita
2196 3525 2239 3563 D
2275 3526 2314 3575 1,
2361 3531 2399 3564 et
2427 3527 2492 3566 ita
2535 3528 2663 3566 ceteri
2690 3527 2775 3578 D;

521 3577 665 3617 vitam
695 3577 740 3615 Η
772 3577 826 3625 33
858 3577 953 3617 vite
984 3588 1006 3616 e
1034 3589 1149 3616 corr.
1182 3577 1228 3616 H
1260 3578 1306 3626 13
1338 3578 1406 3616 ita
1435 3577 1476 3616 A
1508 3578 1550 3620 5.
1586 3581 1638 3628 6;
1669 3583 1720 3620 ut
1751 3581 1931 3622 cladem
1961 3583 2165 3622 vitarent
2196 3582 2236 3624 G
2268 3583 2354 3633 5a3
2387 3590 2426 3624 et
2449 3591 2551 3635 post
2581 3596 2774 3627 servan-

521 3636 671 3676 tibus:
704 3638 757 3674 ut
784 3636 925 3682 vulgo
957 3634 1106 3688 (vulgi
1138 3634 1210 3686 50)
1258 3637 1490 3684 fugientes
1537 3639 1715 3678 cladem
1759 3641 1964 3682 vitarent
1996 3642 2038 3682 G
2069 3641 2143 3680 5b.
2175 3653 2214 3683 c.
2361 3643 2402 3694 s)
2437 3645 2599 3685 domus
2631 3645 2672 3685 A
2705 3643 2772 3687 ⁸3.

524 3693 559 3754 t)
590 3693 805 3734 cerneris
840 3694 881 3734 G
915 3696 954 3733 1.
988 3692 1051 3736 ⁸3.
1086 3695 1136 3744 33
1170 3694 1376 3735 Gemens
1412 3695 1453 3736 G
1483 3698 1528 3736 4.
1657 3696 1706 3749 u)
1740 3710 1912 3739 eranum
1940 3701 1983 3739 D
2018 3703 2068 3750 13
2111 3701 2220 3740 deest
2252 3702 2354 3740 aliis
2384 3703 2442 3744 D.
2574 3702 2622 3756 v)
2654 3705 2774 3745 deest

526 3753 568 3793 G
601 3755 623 3791 1
674 3751 788 3805 (poet
834 3750 955 3803 add.)
990 3755 1030 3796 2.
1064 3751 1123 3794 ’3.
1157 3754 1207 3802 33
1252 3755 1301 3793 in
1342 3755 1379 3792 F
1413 3756 1435 3793 1
1482 3756 1660 3796 deletum
1705 3758 1887 3798 videtur.
2053 3757 2114 3810 w)
2147 3760 2444 3810 relinquebat
2486 3763 2524 3802 F
2557 3765 2598 3806 1.
2650 3763 2691 3805 G
2729 3766 2772 3805 1.

528 3864 585 3930 1)
628 3864 707 3930 ΟΥ.
748 3865 987 3916 Marium
1026 3884 1079 3918 a.
1120 3867 1249 3920 565.
1290 3877 1337 3920 et
1366 3868 1429 3920 G.
1460 3878 1616 3934 pont.
1653 3869 1774 3924 Joh.
1803 3871 1918 3936 III,
1959 3873 2052 3924 ubi
2089 3875 2217 3926 haec
2253 3872 2429 3926 minus
2466 3883 2602 3928 recte
2641 3884 2768 3929 ante

525 3938 794 3991 Bucellini
830 3948 879 3990 et
904 3938 1117 4007 Aminqi
1152 3943 1365 3992 caedem
1400 3950 1714 3996 narrantur.
1841 3944 1898 4012 2)
1938 3946 2256 4014 Dagisthaei
2283 3947 2620 4013 potissimum
2655 3950 2768 4002 vir-

523 4021 632 4064 tute
669 4013 842 4064 Roma
882 4012 1064 4064 Gothia
1104 4023 1283 4080 erepta
1321 4014 1535 4081 suisque
1586 4016 1829 4069 restituta
1865 4037 2008 4072 anno
2048 4021 2136 4072 26.
2188 4021 2316 4088 imp.
2354 4020 2667 4087 Iustiniani,
2706 4031 2769 4076 ut

523 4085 745 4152 Procop.
786 4087 951 4152 refert
987 4086 1075 4137 lib.
1114 4087 1218 4150 IV,
1259 4107 1378 4155 cap.
1418 4091 1506 4154 33,
1556 4090 1615 4141 in
1653 4108 1821 4143 cauea
1844 4091 1964 4158 fuit
2000 4102 2060 4144 ut
2107 4095 2363 4146 universa
2401 4095 2558 4148 etiam
2593 4095 2768 4148 Italia

522 4169 945 4226 recuperaretur,
984 4177 1143 4227 eoque
1180 4178 1339 4215 semu
1376 4162 1773 4231 intelligendum
1810 4183 1921 4218 esse
1956 4166 2188 4218 Paulum
2236 4177 2472 4220 nostrum
2510 4170 2604 4220 hoc
2656 4173 2766 4222 loco

513 4234 841 4298 putaverim.
870 4234 964 4286 BI.
1113 4236 1171 4300 3)
1210 4253 1243 4286 a
1269 4237 1494 4288 Narsete
1522 4239 1816 4290 scribarum
1849 4238 1939 4291 Or.
1968 4239 2260 4292 Patricium
2287 4259 2405 4294 eum
2433 4242 2561 4294 dicit
2586 4243 2759 4303 Beda.

524 4307 579 4369 4)
624 4306 705 4373 Os.
743 4306 981 4359 Marium
1022 4325 1071 4360 a.
1112 4309 1235 4361 569.
1280 4311 1415 4371 570,·
1455 4311 1590 4363 Exc.
1633 4309 1878 4381 Sanqall.
1919 4331 1970 4365 a.
2014 4315 2137 4367 570.
