2984 4917
482 378 702 431 PAULI
741 378 1090 430 HISTORIA
1127 377 1793 429 LANGOBARDORUM.
1869 378 2010 428 LIB.
2049 378 2143 429 VI.
2348 377 2454 427 215

239 558 354 631 est3
399 548 510 633 qui
551 548 643 611 eis
687 546 881 626 dixit,
950 545 1122 631 quod
1183 568 1290 609 eos
1336 544 1745 631 Cunincpert,
1806 546 1861 609 si
1917 546 2001 610 ad
2044 568 2191 611 eum
2234 568 2454 632 perge-

236 643 399 714 rent,
460 632 782 695 occisurus
800 642 826 672 ἃ
883 639 1065 696 esset.
1155 629 1284 710 Qui
1325 628 1483 693 haec
1533 628 1881 712 audientes,
1937 652 2172 717 magno
2227 631 2453 694 timore

237 718 522 801 correpti,
552 724 699 801 post
718 713 1012 779 altarium
1036 714 1320 778 eiusdem
1341 712 1643 778 basilicae
1668 714 1855 778 confu
1900 716 2029 779 iere
2044 717 2092 782 ¹³.
2170 714 2453 801 Moxque

239 802 660 885 Cunincperto
725 800 863 883 regi
923 800 1282 863 nuntiatum
1345 808 1455 880 est,
1562 798 1688 861 uod
1749 798 1833 861 A]
1880 821 1915 863 o
1974 808 2037 862 et
2080 797 2330 863 Grauso
2386 800 2453 860 in

233 884 529 951 basilicae
571 883 742 948 beati
782 883 1055 947 Romani
1083 884 1381 966 martyris
1413 904 1535 945 con
1602 882 1845 965 gissent
1857 884 1902 947 (¹.
1968 883 2149 946 Tunc
2180 882 2453 947 Cuninc-

234 978 368 1055 pert
395 977 727 1032 stratorem
755 990 939 1032 suum
968 989 1232 1053 arguere
1246 978 1270 1009 θ
1315 968 1543 1052 coepit,
1588 976 1659 1030 ut
1701 965 1853 1053 quid
1892 988 2078 1030 suum
2122 963 2452 1029 consilium
2484 936 2515 1100 x

234 1052 494 1139 prodere
539 1051 881 1116 debuisset.
970 1050 1094 1115 Oui
1135 1074 1287 1115 suus
1331 1060 1564 1114 strator
1602 1051 1694 1114 ita
1735 1050 2089 1135 respondit:
2155 1050 2452 1115 ‘Domine

235 1137 355 1201 mif
403 1159 539 1218 rex,
592 1145 663 1199 tu
705 1137 848 1219 sciS‚
893 1136 1044 1221 quia
1059 1147 1106 1218 8,
1145 1145 1491 1233 postquam
1534 1134 1655 1197 hoc
1696 1134 2007 1198 consiliati
2050 1156 2287 1215 sumus,
2334 1155 2451 1221 ego
2501 1110 2515 1200 ἶ

232 1244 268 1286 a
307 1230 414 1284 tuo
469 1230 818 1306 conspectu
874 1242 1002 1283 non
1058 1221 1257 1302 exivi,
1317 1230 1381 1283 et
1447 1218 1765 1306 quomodo
1819 1218 1942 1282 hoc
1998 1217 2187 1282 alicui
2242 1218 2454 1282 dicere
2494 1233 2505 1302 g

229 1306 404 1391 potui
417 1303 465 1366 Ψ
551 1304 733 1367 Tunc
773 1326 891 1368 rex
901 1302 1041 1451 d[ad
1058 1304 1110 1392 ¹¹]
1155 1302 1472 1367 Aldonem
1502 1312 1565 1367 et
1608 1303 2006 1367 Grausonem
2033 1303 2223 1384 misit,
2267 1303 2455 1366 inter·
2494 1305 2502 1336 ³

228 1411 457 1473 rogans
503 1410 632 1469 coe,
674 1397 746 1452 ut
789 1389 898 1474 qui
985 1388 1053 1450 in
1110 1386 1322 1451 locum
1375 1397 1671 1451 sanctum
1715 1386 2082 1471 confugium
2137 1386 2452 1450 fecissent.
2490 1435 2510 1480 s

229 1473 355 1553 Qui
396 1472 848 1558 respondentes
878 1472 1204 1535 dixerunt:
1272 1472 1464 1551 ‘Quia
1505 1472 1862 1535 nuntiatum
1899 1480 1994 1535 est
2035 1470 2239 1551 nobiS,
2284 1470 2455 1554 quod
2494 1500 2501 1545 ς

225 1578 337 1620 nos
380 1556 708 1620 dominusi
735 1579 854 1620 rex
896 1555 1186 1621 occidere
1215 1554 1440 1620 vellet'.
1525 1555 1759 1619 Iterato
1779 1556 1808 1596 ¹¹
1838 1576 1955 1617 rex
1997 1554 2172 1616 misit
2212 1554 2294 1618 ad
2324 1575 2453 1635 ece,
2492 1552 2499 1615 ἱ

227 1642 574 1722 sciscitanS,
620 1640 761 1726 quis
806 1639 1025 1703 fuerit¹
1067 1638 1177 1703 ille
1259 1640 1326 1703 ui
1344 1652 1386 1681 ¹¹¹
1431 1640 1522 1703 eis
1551 1640 1956 1720 nuntiaverit,
1998 1638 2309 1702 mandans
2340 1638 2451 1720 eis,
2496 1661 2502 1680 ⁶

225 1734 312 1807 ut,
341 1725 465 1787 nisi
495 1726 595 1788 ein
618 1725 1042 1788 nuntiatorem
1083 1745 1201 1809 pro
1249 1733 1444 1805 erent,
1489 1726 1667 1788 eius⁰
1696 1725 1969 1808 gratiam
2011 1722 2296 1785 invenire
2325 1742 2456 1784 non
2490 1706 2502 1853 ἢ

268 1808 466 1872 ossint
480 1820 531 1872 P.
617 1807 842 1871 Tunc‘l
885 1806 976 1871 illi
1019 1809 1184 1871 sicut
1223 1807 1464 1871 factum
1507 1809 1713 1872 fuerat
1752 1829 1820 1870 re
1870 1808 1934 1870 i¹'
1977 1806 2454 1887 mandaverunt,

269 1894 521 1974 ‘centeS,
566 1890 863 1955 claudum
903 1891 1262 1954 hominem⁸
1309 1892 1570 1956 obvium
1599 1895 1705 1957 set
1755 1890 1839 1954 ha
1885 1891 2073 1971 uisse,
2119 1890 2227 1976 qui
2257 1911 2455 1952 unum
2492 1854 2531 2029 ¹3

269 1976 452 2041 edem
494 1985 858 2039 truncatum
897 1974 1176 2040 habebat
1218 1985 1280 2040 et
1329 1988 1544 2061 genuu
1588 1985 1771 2040 tenus
1828 1995 2011 2037 crure
2067 1972 2278 2057 ligneo
2322 1982 2454 2037 ute·
2482 2024 2499 2039 .

221 2000 430 2141 fiatur,
475 2069 538 2124 et
577 2059 751 2123 hunc
795 2058 991 2123 fuisse
1036 2062 1166 2123 suiv
1210 2060 1501 2123 interitus
1545 2059 1855 2123 nuntium.
1921 2057 2104 2120 Tunc
2146 2055 2455 2121 intellexit
2494 2110 2501 2138 ζ

215 2168 354 2227 rex,
397 2156 738 2207 muscamw
781 2142 954 2207 illam
997 2144 1098 2206 cui
1151 2143 1383 2228 pedem
1434 2151 1887 2207 truncaverat¹
1941 2140 2090 2204 mali
2182 2162 2291 2203 um
2328 2140 2453 2225 spi·
2498 2168 2503 2175 ·

211 2230 459 2293 ritum?
510 2228 732 2291 fuissez
777 2237 840 2291 et
879 2228 1092 2311 ipsum
1122 2228 1222 2290 sui
1265 2228 1492 2291 secreti
1536 2224 1841 2290 consiliaa
1883 2163 2256 2310 prodidgiglse.
2324 2223 2454 2303 Qui
2504 2255 2515 2318 '2

216 2312 436 2377 statim
478 2309 797 2375 Aldonem
841 2320 906 2375 et
949 2310 1348 2376 Grausonem
1389 2312 1457 2374 in
1500 2334 1617 2374 sua
1659 2309 1784 2373 fide
1840 2309 1960 2373 deb
2018 2306 2243 2372 eadem
2285 2305 2450 2370 basi·
2507 2325 2516 2381 ε

216 2396 387 2460 lica⁰
445 2396 824 2481 suscipiens,
884 2395 1124 2459 eisdem
1182 2393 1286 2458 cul
1333 2396 1480 2458 amd
1536 2394 1823 2480 pepercit
1884 2401 1947 2458 et
2009 2393 2075 2455 in
2136 2388 2451 2476 reliquum
2496 2389 2514 2477 ξ

218 2479 520 2546 eosdem0
564 2479 634 2542 in
673 2477 814 2543 loco
858 2478 1180 2542 fideliumf
1220 2419 1460 2542 hallmit.
1842 2482 1845 2485 ’
2461 2478 2503 2512 ⁴²

388 2566 444 2628 7.
463 2575 493 2618 8
574 2563 674 2627 Eo
716 2572 1002 2648 tempore
1043 2562 1256 2627 floruit
1281 2564 1349 2625 in
1391 2570 1525 2626 arte
1566 2562 1915 2647 gramatica
1940 2558 2145 2643 Felix,
2188 2567 2451 2644 patruus

215 2646 558 2712 Flavianih
648 2648 1033 2737 raeceptoris
1097 2647 1259 2727 mei3
1320 2668 1512 2731 quem
1574 2648 1643 2709 in
1709 2654 1955 2709 tantum
2017 2667 2135 2709 rex
2199 2642 2449 2725 dilexit,
2506 2646 2644 2733 τῇ

207 2741 289 2796 ut
333 2732 395 2795 ei
435 2730 557 2794 bac
624 2732 768 2795 umi
811 2739 1071 2816 argento
1103 2751 1386 2815 auroque
1429 2730 1801 2795 decoratum
1836 2730 2001 2793 inter
2026 2726 2270 2813 reliqua
2298 2749 2451 2792 suae

209 2816 531 2901 largitatis
573 2837 838 2879 munera
881 2814 1285 2879 condonaret.

393 2900 451 2964 8.
536 2900 663 2963 Per
702 2897 875 2962 idem
933 2920 1188 2997 quoque
1244 2907 1493 2983 tempus
1536 2898 1851 2962 Iohannes
1910 2897 2243 2981 episcopus
2299 2896 2451 2959 Ber-

208 2984 498 3070 gomatis
558 2982 862 3047 ecclesiae
919 3005 1023 3045 vir
1077 2983 1276 3047 mirae
1333 2983 1684 3047 sanctitatis
1740 2982 1947 3045 extitit
1964 2992 2006 3044 ².
2109 2980 2237 3059 Qui
2304 3001 2449 3043 cum

206 3068 484 3153 regemk
560 3067 1064 3151 Cunincpertum
1138 3067 1208 3128 in
1286 3066 1579 3129 convivio
1656 3064 1807 3127 dum
1880 3064 2450 3127 sermocinarentur

209 3156 240 3183 *
259 3150 678 3233 offendissetl,
733 3172 852 3214 rex
895 3150 954 3215 ei
1004 3149 1350 3235 hospitium
1388 3148 1729 3214 revertenti
1778 3168 2013 3232 equum
2066 3146 2343 3210 ferocem
2388 3155 2451 3211 et
2469 3161 2547 3216 ’μ
2581 3166 2681 3211 168.

205 3277 262 3331 a)
298 3279 561 3318 occisurum
590 3277 627 3316 F
661 3279 702 3317 1.
837 3274 884 3327 b)
915 3278 982 3315 ita
1014 3274 1055 3315 A
1089 3278 1128 3316 1.
1159 3277 1211 3325 43
1243 3277 1481 3326 confugii-e
1513 3286 1625 3316 corr.
1658 3275 1906 3323 confugere
1937 3273 1978 3313 A
2010 3274 2059 3322 23
2092 3272 2301 3313 confuire
2330 3272 2367 3312 F
2399 3275 2449 3323 13

205 3337 473 3385 confugere
503 3336 543 3375 A
577 3337 618 3377 3.
651 3336 689 3375 F
721 3331 792 3385 ‘23
825 3337 1130 3383 confugerunt
1158 3337 1212 3377 B.
1245 3335 1294 3377 C.
1327 3336 1388 3375 D.
1421 3337 1458 3374 Ε
1493 3337 1534 3376 1.
1567 3335 1604 3373 F
1632 3334 1686 3383 ὃς
1717 3333 1991 3381 confugiunt
2021 3332 2058 3370 F
2088 3332 2131 3373 4.
2166 3331 2221 3371 G.
2314 3330 2354 3384 c)
2386 3332 2451 3372 ita

205 3396 258 3437 A
291 3398 336 3439 1.
370 3397 408 3435 F
443 3398 484 3436 1.
516 3394 558 3436 G
590 3398 638 3445 13
671 3395 912 3435 basilicam
943 3395 1080 3435 ceteri.
1203 3392 1250 3446 d)
1283 3395 1570 3434 consuissent
1598 3394 1635 3432 F
1670 3395 1710 3434 1.
1831 3391 1874 3441 e)
1908 3391 2130 3439 arguebat
2162 3401 2197 3430 c.
2230 3389 2272 3431 G
2302 3390 2344 3442 3,
2376 3392 2452 3441 qui

163 3502 169 3506 ,
203 3458 296 3496 hoc
325 3456 420 3495 loco
445 3455 604 3504 perqic.
740 3450 779 3504 f)
811 3454 920 3492 deest
950 3454 992 3494 A
1022 3453 1064 3492 3.
1211 3450 1257 3503 g)
1291 3454 1400 3492 decet
1432 3452 1481 3493 Ο.
1515 3453 1574 3493 D.
1723 3449 1773 3503 h)
1803 3452 1913 3489 deest
1944 3450 1985 3488 A
2017 3451 2145 3492 1-4.
2175 3450 2213 3489 B
2248 3451 2288 3491 1.
2320 3450 2373 3493 F.
2408 3449 2451 3491 G

201 3514 338 3569 (post
368 3514 511 3563 mppz.
542 3514 580 3553 B
616 3515 654 3552 1.
704 3511 747 3553 G
776 3510 840 3563 2).
973 3510 1008 3563 i)
1042 3512 1085 3553 d.
1117 3515 1276 3552 noster
1319 3523 1356 3553 r.
1406 3514 1446 3551 D
1481 3512 1523 3550 2.
1556 3513 1598 3553 3.
1732 3508 1783 3562 k)
1815 3510 1991 3550 Iterum
2022 3508 2073 3551 0.
2102 3509 2160 3550 D.
2295 3507 2331 3561 1)
2364 3510 2453 3549 fuit

203 3575 264 3616 Ο.
299 3574 366 3614 D.
398 3574 423 3613 1
457 3574 505 3621 13
548 3572 711 3611 fecerit
740 3570 782 3609 A
814 3572 855 3610 2.
990 3568 1052 3623 m)
1085 3571 1236 3619 quivis
1267 3572 1511 3612 nunciaret
1539 3570 1581 3610 A
1610 3565 1672 3610 ⁶3.
1806 3567 1856 3621 n)
1887 3570 1997 3608 deest
2026 3568 2067 3608 A
2097 3568 2140 3608 4.
2171 3568 2223 3607 F.
2258 3567 2313 3611 G.
2345 3569 2368 3607 Ι
2400 3570 2452 3618 23

201 3634 306 3673 nisi
340 3632 682 3689 enuntiatorem
712 3632 750 3670 E
771 3631 811 3671 1.
931 3627 977 3680 o)
1011 3640 1140 3669 suam
1174 3629 1298 3670 c.D.
1418 3628 1465 3682 p)
1493 3632 1685 3679 possent
1714 3627 1755 3667 A
1783 3628 1825 3668 3.
1859 3627 1909 3679 C,
1941 3627 2031 3668 alii.
2122 3624 2168 3678 q)
2201 3628 2319 3667 Tum
2350 3626 2449 3669 Αἵ.

203 3690 252 3742 ι·)
287 3692 407 3730 deest
439 3688 481 3731 G
512 3690 554 3731 3.
587 3689 630 3728 4.
752 3686 792 3741 s)
824 3689 934 3728 deest
967 3688 1007 3729 G
1040 3691 1080 3732 1.
1113 3689 1156 3729 2.
1274 3686 1309 3739 t)
1341 3690 1452 3727 decet
1482 3690 1534 3730 F.
1568 3687 1625 3729 G.
1658 3709 1710 3718 -·
1756 3686 2025 3727 habuissent
2058 3685 2098 3726 G
2129 3686 2169 3726 3.
2288 3682 2337 3737 u)
2366 3686 2449 3726 sub

201 3750 441 3801 geniculo
473 3759 516 3789 c.
547 3760 569 3788 c
597 3759 711 3788 corr.
741 3749 779 3787 F
811 3750 850 3789 1.
982 3745 1030 3798 v)
1063 3748 1173 3787 deest
1212 3748 1249 3786 F
1285 3748 1324 3787 1.
1361 3746 1418 3788 G.
1553 3746 1615 3799 w)
1648 3756 1805 3785 musca
1834 3747 1918 3785 illa
1949 3744 1989 3785 G
2020 3745 2061 3784 3.
2194 3742 2242 3796 x)
2273 3748 2451 3786 trunca-

199 3812 389 3851 verunt
418 3808 456 3847 F
473 3810 517 3847 1.
637 3805 686 3858 y)
718 3807 905 3857 spiritus
933 3808 971 3846 F
989 3808 1030 3847 1.
1152 3804 1195 3858 z)
1226 3806 1392 3847 fuisset
1419 3806 1462 3845 A
1482 3808 1521 3845 1.
1642 3802 1687 3855 a.)
1720 3816 1755 3847 s.
1788 3804 2029 3844 consilium
2064 3802 2195 3853 c4b3
2226 3807 2451 3843 secretum

201 3868 420 3909 consilia
449 3866 492 3905 D
513 3867 553 3906 1.
585 3867 622 3905 F
654 3868 703 3916 13
735 3870 963 3907 secretum
994 3865 1175 3905 consilii
1204 3866 1241 3904 F
1271 3866 1318 3906 4.
1353 3864 1394 3905 G
1413 3867 1453 3907 1.
1488 3866 1531 3905 2.
1565 3863 1637 3904 5a.
1656 3874 1704 3913 ος
1736 3866 1964 3905 secretum
1995 3862 2241 3903 consilinm
2274 3861 2375 3903 G3.
2394 3861 2451 3910 43

198 3930 399 3969 secreta
430 3925 615 3966 consilii
643 3925 682 3964 F
711 3921 780 3974 *23
825 3926 990 3965 secreti
1019 3925 1240 3965 nuncium
1270 3924 1412 3965 fuisse
1441 3925 1480 3963 B
1502 3925 1541 3963 2.
1618 3920 1665 3974 b)
1698 3923 1808 3961 deest
1839 3922 1935 3963 Al.
2014 3920 2055 3973 c)
2085 3922 2325 3961 basilicam
2354 3920 2451 3961 Fl-

201 3985 256 4038 d)
294 3986 444 4035 culpa
475 3983 518 4025 G
549 3985 590 4024 1.
626 3986 678 4033 23
723 3984 834 4023 decet
866 3983 900 4023 C
933 3986 975 4025 1.
1122 3980 1165 4033 e)
1201 3983 1363 4024 eodem
1393 3982 1434 4022 A
1467 3984 1509 4023 1.
1656 3980 1693 4033 f)
1725 3982 1871 4021 filium
1904 3981 1945 4021 G
1976 3981 2025 4030 43
2072 3980 2273 4019 filiorum
2302 3976 2353 4019 G.
2388 3978 2448 4019 D.

201 4044 258 4097 g)
291 4046 378 4085 hoc
408 4054 507 4093 cap.
541 4054 621 4085 om.
652 4043 694 4083 A
724 4039 787 4085 *4.
918 4041 966 4094 h)
998 4042 1215 4081 Flabiani
1244 4042 1283 4081 F
1315 4044 1356 4083 1.
1492 4038 1527 4091 i)
1559 4042 1774 4080 vaculum
1815 4052 1928 4080 corr.
1957 4039 2175 4079 baculum
2205 4037 2242 4075 F
2276 4036 2325 4085 13
2370 4046 2451 4076 va·

195 4105 398 4145 sculum
433 4102 476 4144 G
507 4100 640 4155 (corr.
672 4102 890 4142 baculum
921 4100 963 4143 G
996 4100 1065 4153 1);
1095 4100 1181 4141 bac
1211 4102 1249 4141 F.
1284 4103 1324 4142 1.
1416 4097 1466 4151 k)
1494 4109 1604 4149 rege
1638 4100 1947 4149 Gunincperto
1980 4097 2076 4139 G3.
2106 4096 2147 4137 4.
2237 4092 2275 4147 1)
2308 4094 2452 4136 offen-

199 4164 276 4204 dit
309 4164 368 4203 F.
403 4161 459 4205 G·-

203 4266 263 4335 1)
309 4265 574 4333 Interfuit
612 4284 656 4317 ε.
705 4265 939 4319 Joawnes
990 4266 1264 4332 episcopus
1299 4264 1665 4332 Bergomemis
1717 4259 1931 4314 conc-ilio
1969 4232 2207 4311 Romano
2258 4264 2445 4311 contra

203 4341 597 4395 Monothelitao
634 4342 730 4393 sub
768 4358 813 4393 s.
851 4339 1126 4410 Agathone
1151 4356 1324 4405 papa.
1398 4339 1494 4391 BI.
