2984 4917
505 344 614 393 200
816 340 1039 393 PAULI
1079 339 1428 392 HISTORIA
1465 338 2140 391 LANGOBARDORUM.
2218 341 2365 392 LIB.
2402 343 2468 392 V.

389 524 494 565 ⁶80·
514 518 742 574 octavo
773 508 904 571 iam
927 528 1094 571 anno
1127 506 1560 605 Cunincpert²
1584 504 1788 570 filium
1818 528 2004 569 suum
2026 508 2095 570 in
2114 509 2362 592 regnoh
2394 518 2751 574 consortem

509 592 800 673 adscivit,
847 603 1038 656 cum⁰
1081 612 1208 677 quo
1253 600 1490 676 panter
1532 612 1647 676 per
1690 591 1910 655 decem
1956 612 2157 654 annos
2199 594 2515 676 regnavit.

678 677 778 740 36.
867 675 1162 761 Cumque
1203 676 1272 738 in
1313 696 1549 759 magna
1636 695 1749 737 ace
1793 674 2097 759 degerent
2126 684 2188 739 et
2231 697 2314 739 ex
2359 678 2533 740 omni
2574 686 2753 762 parte

507 760 576 823 in
618 759 888 823 circuitu
931 757 1454 858 tranquillitatem
1495 758 1581 821 ha
1627 768 1824 840 erent,
1867 758 2149 823 surrexit
2184 769 2407 824 contra
2434 782 2542 825 eos
2587 760 2755 824 filius

508 843 859 929 iniquitatis
917 841 1182 906 Alah1sd
1254 843 1529 925 nomine,
1589 864 1708 928 per
1763 863 1952 928 quem
2008 842 2075 905 in
2132 864 2332 927 regno
2390 844 2756 929 Langobar-

510 927 756 1009 dorum,
823 926 1196 1011 perturbata
1222 947 1414 1073 dpace
1433 937 1478 1007 ⁰,
1536 927 1857 990 maximae
1914 925 2298 1073 tpqopulorum
2352 926 2563 993 factae
2614 938 2761 991 sunt

512 1022 782 1095 strages.
847 1010 976 1073 Hic
1023 1009 1177 1073 dum
1267 1032 1356 1072 ux
1374 1009 1395 1051 f
1453 1020 1620 1073 esset
1676 1010 1745 1073 in
1788 1009 1914 1073 Tre
1963 1010 2222 1074 entinae
2266 1012 2521 1077 civitate
2542 1060 2559 1093 ,
2614 1033 2757 1075 cum

514 1096 741 1159 comite
788 1094 1234 1157 Baioariorum
1250 1094 1298 1174 ¹¹,
1389 1115 1538 1157 uem
1590 1091 1681 1156 illi
1721 1094 2094 1178 gravionem
2155 1094 2395 1177 dieunt,
2442 1096 2557 1182 qui
2592 1096 2755 1159 Bau-

512 1178 777 1242 zanumi
819 1187 882 1242 et
917 1177 1166 1263 reliqua
1209 1188 1380 1241 caste
1427 1200 1465 1241 a
1508 1176 1792 1262 regebat,
1838 1176 2128 1242 conflixit
2170 1201 2445 1264 eumque
2490 1179 2757 1243 mirifice

514 1261 857 1348 superavit.
948 1263 1096 1341 Qua
1138 1260 1218 1325 de
1276 1282 1469 1325 causa
1530 1260 1763 1342 elatuS,
1822 1262 2014 1325 etiam
2059 1273 2281 1327 contra
2322 1286 2545 1349 regem
2574 1286 2759 1339 suum

511 1346 830 1411 Perctarit
857 1367 1120 1409 manum
1163 1345 1400 1410 levavit
1429 1354 1623 1431 atque
1670 1347 1781 1409 sek
1812 1346 1979 1410 intra
2006 1346 2500 1411 Tredentinuml
2531 1346 2751 1412 castel-

510 1429 647 1493 lum
690 1427 1003 1494 rebellans
1050 1430 1488 1493 communivit.
1580 1428 1817 1493 Contra
1862 1452 2055 1515 quem
2098 1454 2215 1495 rex
2258 1432 2578 1496 Perctarit
2665 1452 2759 1494 ro-

512 1535 791 1599 gressuS,
837 1535 985 1577 cum
1042 1526 1244 1577 eum¹¹¹
1303 1513 1705 1578 extrinsecus
1759 1513 2110 1595 obsideret,
2169 1515 2494 1600 inopinate
2553 1538 2631 1579 su
2675 1516 2763 1578 ito

513 1596 736 1661 Alahis
796 1619 943 1661 cum
1001 1598 1135 1660 suis
1193 1598 1499 1661 civitaten
1572 1619 1869 1681 egressus
1887 1646 1903 1681 ,
1969 1600 2139 1682 regis
2199 1609 2409 1663 castra
2464 1599 2763 1684 protrivit

512 1703 862 1766 regemque
915 1681 1130 1778 ipsum
1185 1679 1411 1765 fugam
1467 1690 1725 1767 petere⁰
1772 1680 2074 1767 conpulit.
2162 1683 2293 1763 Qui
2334 1692 2551 1747 tamen
2594 1692 2761 1770 post-

515 1765 795 1846 modum,
839 1763 1156 1829 sac1ente1‘
1203 1763 1657 1849 CunincpertO,
1699 1766 1868 1851 regis
1911 1764 2061 1848 filio,
2106 1768 2218 1851 qui
2248 1789 2396 1830 eum
2436 1768 2569 1830 iam
2616 1765 2763 1830 olim

516 1847 840 1934 diligebat,
887 1850 954 1911 in
1011 1849 1181 1932 regis
1224 1848 1541 1912 Perctarit
1594 1850 1867 1933 gratiam
1921 1873 2217 1915 reversus
2271 1862 2385 1916 est.
2474 1851 2607 1932 Qui
2650 1872 2765 1914 rex

517 1954 665 1997 cum
719 1954 868 1996 eum
925 1932 1281 1997 interficere
1335 1931 1717 2017 aliquotiens
1758 1931 2021 2015 velletq,
2084 1933 2573 2020 Cunincpertus,
2632 1934 2769 1999 eius

516 2015 704 2099 filius,
769 2015 890 2081 hoc
951 2016 1090 2080 fieri
1156 2038 1408 2102 semper
1470 2017 1775 2102 proibuit,
1830 2027 2136 2104 reputans
2190 2041 2337 2083 eum
2386 2018 2468 2083 de
2518 2017 2763 2103 reliquo

517 2099 774 2165 fidelem
805 2100 1111 2182 existere3
1156 2122 1277 2165 nec
1309 2100 1589 2165 destititr
1631 2109 1881 2186 patrem
1913 2102 2220 2187 optinere,
2266 2104 2423 2189 quin
2468 2103 2665 2167 etiam
2708 2102 2767 2166 ei

519 2184 823 2248 ducatum
876 2184 1150 2249 Brexiae
1170 2196 1191 2227 ⁸
1250 2182 1713 2266 contribueret3
1768 2185 2158 2250 reclamante
2215 2188 2471 2272 saepius
2529 2196 2715 2272 patre
2731 2190 2769 2268 ἴ,

519 2268 692 2354 quod
720 2270 788 2331 in
819 2290 1002 2332 suam
1031 2267 1154 2332 hoc
1185 2267 1585 2354 Cunincpert
1610 2270 1965 2354 perniciem
2005 2270 2262 2354 faceret,
2309 2271 2422 2356 qui
2447 2269 2621 2335 hosti
2650 2291 2765 2334 suo

515 2352 600 2417 ad
653 2352 1054 2438 regnandum
1102 2353 1268 2417 vires
1321 2352 1679 2439 praeberet.
1779 2353 2103 2417 Brexiana
2155 2354 2477 2441 deniqueu
2542 2354 2771 2419 civitas

515 2448 860 2521 magnamV
947 2459 1202 2522 semper
1271 2434 1585 2500 nobilium
1650 2437 2225 2522 Langobardorum
2291 2437 2771 2503 multitudinem

515 2518 757 2602 habuit,
844 2541 1074 2583 uorum
1117 2520 1359 2585 auxilio
1395 2519 1723 2586 metuebat
1754 2521 2069 2588 Peretarit
2088 2522 2312 2587 Alabis
2342 2524 2771 2608 potentiorem

515 2602 714 2668 forew.
850 2605 901 2667 's
945 2603 1172 2668 diebus
1214 2627 1333 2669 rex
1367 2605 1683 2669 Perctarit
1708 2605 1777 2667 in
1818 2605 2077 2671 civitate
2109 2607 2435 2671 Ticinensi
2476 2616 2770 2692 portam¹

519 2688 885 2770 contiguam
912 2686 1168 2772 palatie,
1214 2710 1377 2773 quae
1407 2697 1472 2752 et
1495 2688 1872 2755 Palatiensis
1889 2701 1921 2744 Y
1952 2690 2202 2773 dicitur,
2235 2712 2426 2777 opere
2440 2700 2466 2733 Ζ
2496 2689 2774 2755 mirifico

522 2770 898 2834 construxit.

290 2874 376 2929 ἰ».
406 2877 507 2920 15⁷.
692 2854 826 2918 *37.
914 2853 1045 2934 Qui
1091 2876 1239 2917 cum
1281 2854 1511 2920 decem
1555 2866 1617 2921 et
1662 2868 1806 2921 octo
1848 2878 2049 2921 annos
2070 2868 2115 2940 ⁸,
2170 2867 2236 2923 et
2278 2859 2556 2944 primum
2598 2854 2771 2923 solus

523 2946 587 3002 et
613 2938 802 3024 postb
827 2958 974 3000 cum
1005 2936 1134 3001 filio
1149 2951 1192 3021 ⁰,
1238 2961 1511 3023 regnum
1554 2942 1916 3024 tenuisset1,
1962 2940 2045 3005 ab
2074 2940 2198 3006 hac
2225 2941 2370 3006 luce
2400 2940 2773 3007 subtractus

522 3096 566 3151 a)
596 3100 660 3138 ita
705 3098 747 3139 A
781 3101 820 3141 1.
857 3099 898 3143 3.
942 3101 993 3142 F'.
1044 3099 1109 3151 G3
1159 3100 1382 3152 Cunipert
1426 3103 1467 3143 A
1502 3104 1554 3153 23
1616 3103 1979 3155 Cunincpertum
2031 3104 2067 3145 C
2100 3107 2151 3155 13
2198 3106 2253 3155 qs.
2282 3118 2329 3156 p.
2381 3106 2465 3147 179
2512 3118 2557 3151 n,
2588 3116 2620 3145 ιι
2652 3110 2693 3145 et
2725 3119 2771 3146 x.

522 3155 569 3209 b)
603 3168 794 3207 regnum
827 3158 869 3198 A
889 3161 929 3199 1.
961 3160 1004 3199 D
1023 3160 1062 3199 3.
1186 3160 1225 3212 c)
1256 3171 1360 3201 cum
1395 3184 1446 3192 —
1481 3164 1694 3210 regnavit
1724 3167 1761 3201 et
1791 3174 1971 3213 sequens
2000 3175 2095 3213 cap.
2130 3177 2213 3205 om.
2246 3166 2287 3205 A
2306 3163 2369 3207 '⁴.
2490 3163 2536 3216 d)
2568 3165 2773 3205 Halahis

524 3217 598 3256 boc
626 3218 718 3257 loco
751 3217 790 3257 A
826 3220 864 3259 1.
898 3219 934 3257 F
969 3221 1008 3270 1,
1034 3224 1188 3268 postea
1219 3218 1406 3270 Alahis3
1441 3221 1663 3261 Halachis
1698 3220 1732 3261 C
1753 3224 1792 3262 1.
1825 3223 1867 3261 D
1904 3224 1942 3261 1.
1975 3224 2013 3261 Ε
2039 3224 2089 3273 1;
2125 3225 2290 3265 Halais
2322 3224 2367 3263 A
2398 3225 2449 3273 Ως
2480 3222 2612 3265 Alais
2643 3222 2689 3263 A
2722 3225 2773 3274 63

521 3274 709 3316 Alachis
755 3277 798 3315 D
834 3280 874 3318 1.
925 3277 966 3318 G
999 3279 1039 3329 2,
1084 3278 1163 3317 alii
1189 3279 1452 3329 plerumque.
1606 3276 1651 3331 e)
1684 3281 1794 3321 deese
1836 3280 1878 3321 A
1911 3283 1959 3330 13
2006 3292 2118 3331 quae
2146 3290 2389 3333 aequumtur
2435 3304 2490 3315 —
2535 3286 2774 3323 tantorum

520 3334 851 3376 beneficiorum
882 3333 936 3387 (e.
973 3333 1047 3388 38)
1081 3338 1166 3377 des.
1203 3337 1243 3378 G
1277 3340 1316 3389 1,
1357 3338 1474 3388 solio
1507 3340 1658 3381 exciso.
1798 3338 1835 3392 s)
1869 3341 1979 3379 deest
2012 3340 2046 3381 G
2080 3344 2119 3381 1.
2251 3341 2298 3394 g)
2330 3343 2394 3381 ita
2424 3341 2466 3381 A
2499 3342 2537 3381 1.
2571 3342 2617 3382 4.
2648 3342 2693 3381 D
2732 3343 2772 3382 1.

521 3393 558 3432 Β
592 3396 633 3433 1.
668 3393 708 3434 G
741 3395 783 3436 2.
814 3395 868 3444 43
900 3395 1042 3435 Trad.
1075 3397 1116 3436 A
1151 3396 1204 3445 Ξῖ
1235 3397 1361 3437 Trid.
1395 3398 1538 3437 ceteri.
1575 3419 1625 3428 -
1662 3399 1899 3439 civitatem
1930 3398 1970 3439 G
2005 3401 2045 3441 2.
2196 3398 2244 3451 h)
2279 3412 2381 3441 com
2414 3400 2631 3441 eommste
2660 3401 2775 3441 Bal·

523 3452 756 3491 dai-iorum
789 3452 830 3493 G
861 3455 903 3493 2.
1022 3453 1057 3506 i)
1088 3455 1358 3495 Pauzanum
1391 3456 1442 3498 G.
1472 3457 1541 3505 D3
1571 3459 1883 3507 Baptizanum
1916 3457 1957 3498 G
1978 3460 2019 3499 3.
2051 3460 2093 3498 21.
2213 3458 2263 3513 k)
2295 3462 2419 3501 intra
2450 3470 2500 3500 se
2532 3459 2569 3499 F
2588 3460 2631 3500 1.
2667 3457 2771 3500 Gn.

522 3506 561 3561 1)
592 3510 656 3549 ita
687 3510 728 3549 A
760 3512 800 3553 2.
832 3513 869 3551 F
904 3514 946 3555 1.
980 3512 1018 3552 G
1054 3514 1094 3555 2.
1128 3536 1174 3542 --
1215 3519 1414 3555 castrum
1444 3514 1487 3555 A
1520 3512 1581 3556 ⁸3.
1616 3517 1661 3556 3.
1796 3515 1861 3568 m)
1895 3527 1951 3557 eo
1985 3517 2026 3558 G
2056 3519 2097 3560 3.
2128 3520 2171 3558 4.
2308 3517 2359 3571 n)
2392 3519 2631 3559 civitatem
2662 3516 2701 3558 G
2735 3520 2774 3559 1.

525 3567 567 3609 G
596 3564 659 3607 ·5.
705 3568 729 3607 1
763 3571 785 3608 1
837 3569 928 3623 (ubi
971 3570 1248 3622 ingressus);
1296 3576 1353 3614 de
1385 3584 1422 3614 c.
1457 3584 1497 3615 e.
1547 3575 1590 3613 D
1624 3575 1665 3616 3.
1832 3574 1878 3627 ο)
1911 3580 2090 3625 peteret
2133 3579 2174 3618 A
2206 3580 2247 3617 1.
2408 3575 2457 3628 p)
2491 3578 2603 3616 dem
2652 3576 2695 3617 G
2728 3578 2771 3619 8.

524 3624 572 3678 q)
603 3627 830 3668 voluisset
860 3630 884 3668 1
902 3630 941 3671 1.
1061 3628 1102 3682 r)
1133 3632 1312 3673 desistit
1341 3630 1382 3671 A
1401 3634 1440 3675 1.
1461 3635 1648 3683 —apud
1678 3636 1855 3684 patrem
1887 3634 1987 3687 A3,
2020 3646 2039 3674 e
2068 3648 2183 3677 corr.
2217 3638 2260 3676 D
2279 3636 2321 3677 1.
2353 3636 2391 3675 F
2412 3640 2451 3688 1,
2482 3640 2521 3675 et
2551 3636 2617 3675 ita
2646 3636 2776 3675 ceteri

523 3686 582 3727 D.
619 3684 662 3725 G
691 3685 762 3727 5a.
786 3698 823 3727 c.
871 3688 895 3727 1
929 3690 979 3738 23
1024 3700 1053 3729 a
1082 3692 1212 3739 patre
1245 3701 1284 3732 o.
1330 3692 1371 3732 A
1402 3689 1465 3732 '3.
1615 3691 1655 3744 s)
1689 3695 1811 3742 apud
1841 3695 2038 3735 Brexias
2085 3696 2130 3737 ei
2162 3695 2206 3737 d.
2253 3693 2296 3734 A
2328 3694 2372 3735 3.
2522 3691 2561 3746 t)
2594 3698 2775 3744 patrem

526 3753 615 3800 que
648 3743 689 3785 G
723 3746 760 3787 2.
873 3744 920 3797 u)
949 3758 1058 3787 vero
1091 3749 1132 3788 D
1153 3750 1192 3788 2.
1211 3750 1252 3790 3.
1363 3748 1409 3801 v)
1443 3760 1615 3799 mag-na
1645 3753 1684 3791 A
1719 3753 1759 3793 1.
1795 3752 1836 3793 G
1866 3754 1910 3795 3.
1940 3754 1964 3792 Ι
1996 3754 2037 3794 2.
2143 3754 2203 3807 w)
2234 3754 2383 3795 forem
2412 3755 2450 3793 F
2486 3756 2527 3796 1.
2637 3752 2687 3807 x)
2720 3755 2771 3793 in

525 3805 616 3843 eod.
653 3802 692 3844 G
710 3804 736 3841 2
769 3804 844 3843 hoc
874 3805 965 3844 loco
985 3806 1101 3855 solio
1132 3808 1361 3856 desinente,
1392 3820 1573 3860 sequeno
1603 3810 1725 3849 valde
1757 3816 1817 3851 eet
1847 3813 2116 3864 mutilatum5
2140 3817 2242 3863 poet
2273 3812 2389 3862 quod
2411 3813 2553 3862 plura
2579 3823 2771 3864 prorem

526 3862 770 3903 acciderunt
798 3874 934 3913 usque
964 3866 1023 3903 ad
1061 3866 1130 3912 VI,
1171 3868 1222 3916 63
1270 3867 1311 3907 G
1343 3870 1400 3909 2⁸.
1443 3870 1546 3908 haec
1574 3870 1810 3921 exscripsit,
1836 3872 1995 3920 priora
2025 3882 2126 3911 vero
2177 3894 2228 3902 —-
2276 3881 2441 3911 exosos
2466 3872 2668 3912 habebat
2694 3870 2771 3924 (V,

528 3920 601 3973 ³8)
635 3922 788 3962 omisit.
911 3922 958 3973 y)
989 3923 1300 3965 Palatinensis
1333 3926 1368 3967 G
1402 3928 1533 3968 1-3.
1566 3928 1608 3966 D
1645 3930 1687 3967 1.
1722 3930 1762 3969 2.
1794 3930 1818 3969 1
1856 3934 1904 3979 ¹3
1949 3930 2203 3971 Patilensis
2234 3931 2277 3970 D
2308 3926 2401 3971 ‘3a.
2435 3930 2460 3969 3
2508 3931 2575 3983 (in.
2603 3940 2768 3981 marm:

525 3981 600 4021 vel
630 3979 929 4032 Palatensis).
961 3982 1014 4031 43
1044 3983 1328 4024 Platinensis
1357 3986 1395 4025 1³·
1431 3986 1480 4035 23
1511 3986 1773 4028 Placlensis
1802 3985 1930 4038 1¹⁰2?
1972 4000 2060 4038 que
2094 3990 2151 4029 ad
2177 3989 2455 4029 Palatiensls
2486 3989 2528 4029 A
2546 3990 2601 4038 2;
2635 4000 2679 4039 q.
2710 3988 2771 4028 ad

524 4039 800 4080 Palanensis
845 4038 886 4079 A
918 4041 958 4081 6.
1109 4041 1152 4093 z)
1185 4043 1294 4082 deest
1325 4042 1365 4083 A
1397 4045 1439 4087 3.
1560 4044 1605 4097 a)
1638 4047 1701 4086 ita
1733 4045 1774 4086 A
1807 4049 1857 4097 13
1904 4048 2039 4087 annis
2069 4048 2107 4087 F
2143 4050 2183 4098 1,
2230 4048 2369 4087 ceteri.
2488 4046 2539 4099 b)
2570 4052 2769 4097 postmo-

527 4098 633 4138 dum
663 4098 706 4138 A
737 4096 799 4139 ·3.
922 4096 963 4151 c)
992 4100 1024 4140 f.
1055 4111 1138 4140 suo
1169 4102 1212 4141 D
1235 4104 1272 4143 2.
1306 4102 1346 4142 3.

533 4235 588 4303 1)
629 4236 754 4289 Non
794 4246 869 4289 eet
905 4239 1006 4289 sibi
1043 4247 1287 4290 constans
1324 4239 1532 4293 Paulus
1568 4240 1628 4293 in
1664 4242 1943 4295 Ber-laridi
1986 4244 2121 4310 reyis
2160 4243 2319 4295 annis
2356 4241 2763 4303 enmnerandt'sf

530 4310 853 4362 antecedenti
875 4311 1070 4378 quippe
1097 4330 1213 4379 cap.
1242 4314 1329 4364 35.
1357 4314 1533 4365 decem
1559 4323 1608 4367 et
1632 4324 1824 4381 septem
1849 4317 2047 4381 tribuit,
2086 4316 2170 4369 hic
2194 4317 2369 4370 decem
2394 4322 2442 4367 et
2468 4324 2600 4369 octe.
2666 4316 2759 4367 131.
