2984 4917
371 1346 459 1388 6⁶3
477 1346 542 1391 in.

331 2098 406 2155 Ἰ).
440 2103 542 2145 147.

565 396 666 447 186
879 394 1102 445 PAULI
1141 393 1489 446 HISTORIA
1528 394 2198 448 LANGOBARDORUM.
2274 395 2417 447 LIB.
2458 396 2523 449 V.

555 560 1000 648 Langobardis
1044 582 1282 648 pavore
1327 560 1661 626 deterritos
1704 571 1911 627 castra
1952 562 2204 649 integra
2245 562 2597 649 reliquisse,
2644 584 2813 627 mox

557 647 706 713 laeti
766 646 973 712 effecti
1019 646 1308 711 certatim
1354 656 1585 709 cuncta
1642 645 1955 711 invadunt
2012 668 2407 733 coenamque
2450 646 2813 711 affluentis-

557 733 785 797 simam
838 732 1172 795 instruunt.
1277 729 1406 810 Qui
1461 730 1617 794 dum
1676 730 1945 794 diversis
1998 730 2201 817 epulis
2260 730 2631 817 multoquea
2698 730 2815 795 de-

557 816 808 902 gravati
836 816 984 879 vino
1029 835 1379 900 somnoque
1428 814 1832 900 quievissent,
1881 813 2219 878 Grimuald
2262 838 2455 900 super
2496 837 2608 879 eos
2654 825 2812 901 post

558 902 761 964 noctis
816 899 1100 963 medium
1156 899 1436 981 inruens,
1495 907 1673 963 tanta
1729 919 1837 963 eos
1891 898 2086 963 caede
2187 900 2515 982 rostravit,
2572 909 2649 963 ut
2689 900 2817 962 vix

558 984 752 1069 pauci
781 1006 864 1047 ex
893 985 984 1047 eis
1016 981 1216 1067 elapsi
1259 984 1532 1069 patriam
1560 982 1878 1048 valuerint
1919 1005 2116 1069 reppe
2163 1004 2271 1047 are
2286 984 2334 1047 Β.
2423 984 2556 1064 Qui
2598 982 2815 1065 locuS,

561 1066 672 1131 ubi
713 1066 837 1131 hoc
863 1075 1115 1152 gestum
1147 1075 1241 1130 est
1283 1066 1617 1152 proelium,
1662 1067 2059 1131 Francorum
2100 1090 2304 1154 usque
2345 1066 2537 1131 hodie
2558 1067 2769 1131 Rivus
2788 1078 2818 1109 0

559 1149 933 1238 appellatur,
976 1172 1095 1215 nec
1124 1149 1312 1236 longe
1343 1150 1535 1216 distat
1563 1150 1645 1215 ab
1690 1151 1981 1216 Astensis
2011 1150 2372 1216 civitatulae
2400 1148 2746 1215 moenibus
2762 1152 2815 1214 ἃ.

731 1234 789 1298 6.
875 1235 996 1299 His
1052 1234 1278 1299 diebus
1323 1234 1776 1300 Constantinus
1818 1244 2129 1321 augustus
2146 1284 2162 1317 ,
2222 1237 2334 1321 qui
2377 1244 2441 1299 et
2484 1233 2817 1299 Constans

562 1328 658 1383 est
721 1317 1109 1404 appellatuS,
1181 1318 1432 1382 Italiam
1510 1340 1551 1381 a
1626 1319 2199 1404 Langobardorum
2274 1342 2469 1383 manu
2486 1331 2513 1361 θ
2580 1341 2815 1383 eruere

561 1426 642 1467 cu
689 1403 856 1485 iens,
926 1401 1583 1502 Constantinopolimf
1646 1425 1956 1488 egressus,
2022 1426 2138 1488 per
2151 1415 2194 1458 ἔ·
2218 1416 2238 1450 1
2304 1401 2621 1468 litoralia¹¹
2692 1404 2821 1467 iter

557 1487 640 1551 ha
686 1510 817 1571 ens,
861 1485 1173 1552 Athenasi
1213 1496 1408 1568 vemt,
1450 1486 1727 1573 indeque
1756 1510 1930 1552 mare
1958 1498 2408 1572 transgressus,
2454 1487 2820 1551 Tarentum

559 1595 598 1635 a
644 1571 884 1657 plicuit.
973 1571 1103 1651 Qui
1145 1578 1357 1635 tamen
1385 1572 1565 1655 prius
1595 1571 1679 1635 ad
1721 1570 2067 1637 solitarium
2115 1571 2455 1658 quendam,
2502 1572 2613 1657 qui
2661 1594 2817 1655 pro-

559 1595 813 1741 phetiae
878 1656 1171 1740 spiritum
1234 1653 1472 1719 habere
1539 1654 1872 1720 dicebatur
1888 1658 1937 1736 ¹¹,
2002 1655 2179 1739 adiit,
2247 1654 2532 1720 studiose
2598 1654 2685 1720 ab
2732 1678 2817 1719 eo

560 1740 885 1803 sciscitans
900 1741 935 1821 ¹,
982 1747 1193 1802 utrum
1241 1748 1500 1824 gentem
1557 1738 2129 1824 Langobardorum
2148 1788 2165 1822 ,
2226 1763 2391 1825 quae
2444 1741 2512 1803 in
2564 1738 2821 1803 Italiam

559 1822 920 1905 habitabat,
968 1846 1271 1908 superare
1292 1836 1320 1865 ¹¹
1366 1833 1429 1888 et
1472 1824 1759 1909 optinere
1803 1825 2023 1909 possit.
2110 1823 2173 1886 A
2260 1846 2342 1888 uo
2390 1845 2538 1887 cum
2581 1845 2817 1887 servus

561 1909 690 1972 Dei
735 1908 1010 1992 spatium
1038 1909 1227 1971 unius
1256 1908 1464 1971 noctis
1510 1909 1874 1993 expetisset,
1919 1919 1993 1973 ut
2032 1920 2190 1993 pro⁰
2279 1930 2355 1971 oc
2396 1908 2539 1993 ipso
2582 1907 2821 1971 Domi-

560 2014 712 2055 num
756 1991 1203 2077 supplicaret*,
1263 1991 1476 2056 factov
1522 2014 1708 2056 mane
1752 1994 1842 2055 ita
1884 1992 2090 2057 eidem
2134 2001 2405 2079 augusto
2447 1991 2816 2077 respondit:

563 2075 761 2141 ‘Gens
801 2074 1376 2160 Langobardorum
1421 2077 1745 2161 *superari
1772 2076 1963 2140 modo
2008 2077 2091 2142 ab
2149 2075 2362 2162 aliquo
2406 2097 2534 2140 non
2576 2084 2818 2161 potest,

625 2236 670 2305 *)
713 2236 1001 2304 Sequentia
1037 2237 1096 2289 in
1134 2240 1282 2290 codd.
1323 2241 1370 2289 F
1410 2240 1460 2289 2.
1489 2236 1577 2290 ·*2.
1620 2239 1682 2287 2ει
1724 2248 1771 2291 et
1810 2240 1891 2290 ed.
1939 2257 2033 2306 pr.
2092 2237 2171 2291 ita
2230 2239 2490 2304 ampliata
2528 2239 2816 2305 leguntur:

712 2318 772 2363 ut
808 2330 902 2379 pro
943 2314 1046 2363 hoc
1084 2314 1201 2379 ipso
1242 2313 1514 2363 dominum
1553 2315 1728 2363 Deum
1768 2312 2125 2379 supplicaret3
2182 2318 2236 2363 et
2273 2313 2367 2363 ille
2405 2312 2635 2363 fideliter
2679 2329 2821 2378 age-

714 2387 827 2449 bat;
901 2392 1144 2452 prompto
1207 2386 1365 2437 corde
1431 2388 1725 2437 orationem
1782 2386 2007 2437 fundens
2064 2388 2135 2437 ad
2186 2387 2501 2449 Dominum,
2562 2386 2821 2437 dicebat:

716 2460 964 2509 ‘Domine
1003 2461 1168 2509 Ihesu
1209 2460 1432 2523 Christe,
1473 2476 1567 2509 rex
1605 2476 1808 2524 regum,
1860 2460 2041 2509 lumen
2078 2476 2258 2522 veraX,
2318 2461 2410 2525 qui
2456 2460 2647 2510 misisti
2693 2460 2821 2526 Spi-

714 2534 870 2582 ritum
899 2538 1140 2583 sanctum
1169 2535 1222 2583 in
1263 2534 1445 2599 specie
1471 2534 1615 2597 ignis
1655 2535 1709 2582 in
1751 2534 2020 2599 apostolos
2046 2538 2183 2596 tuos,
2223 2535 2520 2583 transmitte
2549 2533 2819 2599 Spiritum

715 2611 957 2657 sanctum
1000 2606 1380 2657 consolationis
1423 2613 1515 2656 tue
1541 2607 1595 2656 in
1624 2623 1682 2657 os
1721 2623 1914 2669 meum,
1953 2613 2011 2657 ut
2048 2608 2247 2673 possim
2286 2606 2566 2656 consilium
2598 2613 2821 2656 rectum

715 2680 924 2730 mittere
951 2678 1253 2730 hominibus
1279 2679 1413 2739 istis,
1453 2681 1545 2745 qui
1583 2685 1843 2731 venerunt
1868 2682 1923 2729 in
1948 2686 2039 2730 tuo
2078 2680 2291 2730 nomine
2319 2679 2390 2729 ad
2416 2680 2534 2731 me’.
2595 2679 2823 2729 Eadem

716 2751 848 2801 hora
882 2753 997 2802 vise
1036 2758 1159 2802 sunt
1189 2754 1240 2802 ei
1276 2758 1384 2803 tres
1422 2768 1649 2818 persone
1688 2753 2010 2820 spirituales,
2050 2769 2272 2819 quarum
2296 2768 2404 2803 una
2430 2758 2543 2803 erat
2580 2753 2823 2803 archan-

718 2822 829 2887 geli
884 2824 1183 2888 Michaelis,
1242 2825 1480 2876 secunda
1538 2826 1793 2877 Iohannis
1852 2827 2099 2893 baptiste,
2157 2827 2315 2876 tertia
2364 2826 2594 2892 apostoli
2640 2826 2821 2877 Petri.

717 2898 868 2947 Tunc
904 2912 1011 2947 una
1049 2914 1115 2947 ex
1150 2898 1258 2949 illis
1299 2899 1431 2949 dixit
1467 2898 1538 2947 ad
1576 2900 1897 2950 solitarium:
1939 2900 2063 2949 ‘Dic
2093 2900 2401 2966 imperatori
2440 2899 2823 2964 Constantino,

716 2970 880 3021 talem
919 2987 1028 3021 rem
1067 2971 1287 3022 habenti
1324 2974 1380 3021 in
1419 2972 1581 3022 corde
1619 2989 1715 3023 suo
1756 2973 2093 3040 dispositam:
2135 2974 2390 3023 “Domini
2426 2972 2673 3023 voluntas
2719 2974 2823 3024 ad-

717 3044 824 3094 huc
863 3060 969 3094 non
1009 3050 1105 3097 est.
1184 3046 1327 3097 Gens
1366 3046 1859 3111 Langobardorum,
1914 3048 2005 3113 qui
2043 3047 2096 3095 in
2135 3047 2299 3097 Italia
2337 3046 2597 3109 habitant,
2646 3062 2823 3114 supe·

716 3119 824 3168 rari
859 3119 1020 3169 modo
1061 3120 1128 3168 ab
1163 3118 1342 3185 aliquo
1381 3135 1487 3169 non
1523 3125 1719 3185 potest,
1773 3122 1899 3186 qnia
1936 3121 2126 3185 regina
2165 3120 2395 3185 quedam
2436 3136 2503 3169 ex
2540 3119 2648 3169 alia
2688 3136 2821 3186 pro-

715 3192 896 3242 vincia
950 3193 1171 3243 veniens
1229 3193 1509 3243 basilicam
1565 3194 1621 3243 in
1676 3193 1876 3244 honore
1931 3195 2152 3244 Domini
2212 3198 2266 3243 et
2322 3194 2496 3243 sancti
2551 3193 2821 3245 Iohannis

716 3265 950 3331 baptiste
980 3268 1273 3316 construxit
1308 3268 1366 3315 in
1390 3266 1865 3331 Langobardorum
1904 3266 2113 3333 finibus,
2157 3272 2211 3317 et
2249 3268 2455 3317 ornavit
2482 3282 2598 3316 eam
2636 3266 2821 3319 facul·

716 3338 915 3389 tatibus
954 3339 1290 3403 honorificis3
1342 3339 1530 3389 famuli
1569 3345 1623 3391 et
1664 3340 1862 3390 famule
1904 3346 1957 3390 et
2007 3340 2217 3405 reliqua
2266 3340 2369 3391 sibi
2406 3341 2649 3390 subiecta
2689 3347 2823 3392 sunt

715 3413 810 3474 ibi,
869 3417 923 3462 et
977 3413 1286 3463 sacerdotes
1343 3414 1398 3461 in
1447 3414 1564 3479 ipso
1622 3412 1839 3464 oraculo
1890 3414 2122 3464 Domino
2174 3412 2405 3463 fideliter
2454 3414 2715 3477 serviunt,
2764 3421 2823 3466 et

717 3490 932 3551 propter
969 3486 1073 3536 hoc
1110 3486 1227 3551 ipse
1271 3491 1487 3538 sanctus
1526 3486 1796 3537 Iohannes
1834 3502 1929 3553 pro
1967 3486 2443 3551 Langobardorum
2480 3492 2642 3551 gente
2684 3502 2817 3539 con-

716 3558 866 3608 tinuo
922 3559 1224 3609 intercedit.
1312 3560 1440 3626 Ipsa
1487 3575 1614 3609 vero
1666 3575 1799 3625 gens
1854 3559 2167 3627 suppliciter
2215 3575 2281 3610 ac
2340 3560 2681 3611 devotissime
2747 3561 2818 3612 de

570 3678 618 3733 a)
652 3682 886 3731 multaque
919 3682 960 3723 A
979 3686 1019 3736 1,
1050 3696 1164 3726 corr.
1198 3687 1434 3735 multoque
1455 3686 1497 3727 G
1517 3690 1556 3727 1.
1575 3688 1627 3736 23
1662 3688 1887 3736 multique
1920 3685 1978 3740 (⁴?)
2012 3698 2125 3728 corr.
2158 3686 2450 3735 multoqueF
2469 3688 2507 3726 1.
2629 3685 2677 3739 b)
2714 3699 2819 3739 rep·

572 3742 762 3790 pedaret
807 3742 842 3780 F
877 3743 916 3783 1.
1067 3742 1109 3795 c)
1142 3744 1268 3784 ribus
1314 3746 1351 3784 F
1385 3748 1426 3786 1.
1477 3745 1519 3786 G
1553 3749 1591 3787 1.
1627 3747 1676 3795 25
1738 3747 1917 3785 rivulus
1964 3747 1999 3785 F
2035 3747 2083 3796 23
2146 3756 2317 3785 erasum
2366 3746 2406 3786 G
2437 3747 2493 3795 43
2554 3747 2664 3785 deest
2714 3748 2739 3787 1
2774 3748 2815 3789 3.

574 3797 620 3850 d)
650 3799 837 3840 milibus
870 3801 892 3839 1
925 3801 979 3851 ὃς
1030 3804 1170 3843 civitu
1213 3804 1504 3859 lemoenibus
1537 3804 1578 3845 G
1610 3806 1659 3854 33
1708 3806 1892 3846 civitate
1936 3805 2175 3845 liminibus
2206 3804 2248 3843 A
2280 3804 2352 3854 '23
2398 3805 2494 3845 Ast.
2529 3806 2669 3845 distat
2700 3807 2815 3846 civi·

571 3862 716 3899 tatum
762 3860 1021 3900 lemonibus
1067 3861 1108 3901 A
1141 3863 1192 3912 33
1238 3864 1423 3904 ostensi
1468 3864 1656 3905 civitate
1703 3865 1945 3906 moenibus
1978 3863 2013 3905 G
2047 3865 2096 3914 13
2144 3864 2333 3904 civitate
2364 3864 2472 3905 lem.
2507 3863 2542 3905 G
2573 3862 2647 3914 ἰς
2700 3866 2815 3905 civi·

571 3920 680 3959 tatis
710 3919 933 3958 limitibus
963 3931 1077 3960 corr.
1110 3922 1145 3960 F
1180 3924 1217 3960 1.
1338 3922 1380 3973 e)
1415 3934 1604 3962 manum
1635 3924 1671 3962 F
1705 3924 1745 3963 1.
1781 3944 1831 3954 --
1869 3924 2049 3972 eripere
2078 3924 2116 3963 B
2155 3925 2197 3962 1.
2333 3921 2370 3973 f)
2403 3923 2817 3975 Constantinopoli

571 3976 613 4015 A
645 3978 688 4019 3.
724 4000 776 4007 —
811 3988 993 4026 gressus
1023 3978 1066 4018 A
1099 3982 1137 4019 2.
1259 3979 1305 4032 g)
1338 3992 1423 4032 per
1459 4004 1507 4011 —
1538 3986 1853 4031 transgressus
1884 3983 1975 4021 alia
2004 3992 2138 4021 manu
2167 3982 2309 4031 suppl.
2342 3981 2381 4022 G
2406 3983 2450 4023 4.
2572 3981 2621 4035 h)
2653 3983 2817 4025 litoris

573 4037 615 4076 A
647 4039 690 4079 2.
719 4038 757 4077 Β
792 4038 842 4086 13
873 4038 1030 4077 littora
1061 4038 1097 4078 C
1129 4040 1178 4088 23
1207 4040 1418 4080 literaria
1449 4041 1499 4081 G.
1532 4042 1670 4091 Neap.
1806 4040 1841 4093 i)
1873 4040 2096 4081 Atthenas
2128 4041 2165 4079 F
2202 4044 2240 4084 1.
2374 4039 2423 4092 k)
2458 4042 2673 4083 dicebant
2706 4042 2753 4085 G
2786 4046 2809 4083 1

572 4108 596 4135 e
623 4107 737 4137 corr.
772 4096 813 4135 2.
932 4094 968 4147 l)
1001 4098 1176 4138 sissitas
1207 4099 1243 4137 F
1278 4101 1326 4148 13
1356 4101 1651 4140 sesciscitans
1685 4099 1726 4140 G
1758 4103 1797 4139 1.
1933 4099 1995 4152 m)
2029 4100 2212 4141 Italiam
2246 4099 2288 4141 G
2320 4100 2361 4141 3.
2484 4099 2533 4152 n)
2567 4106 2813 4151 superaret

573 4156 610 4194 F
642 4156 694 4205 13
725 4167 761 4195 s.
795 4166 848 4195 ac
881 4154 1034 4195 delere
1066 4160 1112 4197 et
1142 4167 1185 4201 o.
1215 4168 1294 4198 eos
1325 4170 1370 4208 p.
1402 4160 1439 4198 F
1472 4161 1514 4199 2.
1638 4157 1683 4211 o)
1714 4171 1802 4210 per
1832 4158 1873 4199 A
1906 4160 1945 4200 2.
2067 4158 2116 4211 p)
2148 4159 2271 4199 facta
2299 4160 2336 4198 F
2370 4160 2410 4200 1.

580 4284 633 4351 1)
672 4290 834 4339 Venit
872 4289 1250 4341 Constantinus
1289 4298 1545 4357 augustus
1588 4292 1653 4343 de
1705 4294 1856 4358 regia
1893 4292 2024 4343 urbe
2064 4308 2159 4358 per
2206 4291 2441 4342 litoralia
2475 4293 2533 4342 in
2573 4292 2813 4345 Athenas

573 4367 630 4411 et
668 4362 859 4413 exinde
897 4362 1148 4415 Taranto.
1193 4363 1256 4415 G.
1289 4373 1438 4430 pont.
1493 4365 1653 4419 Vitat.
