2984 4917
656 396 879 449 PAULI
915 397 1266 450 HISTORIA
1306 397 1978 451 LANGOBARDORUM.
2373 402 2439 451 13

372 563 722 628 Carissimo
765 563 944 627 fratri
987 572 1052 628 et
1093 564 1352 628 domino
1395 563 1722 628 Adalardo
1734 611 1751 645 ,
1804 565 1942 630 viro
1986 566 2144 648 Dei,
2199 566 2438 632 Paulus

191 646 494 732 supplex.
604 647 980 733 Cupieram,
1047 647 1276 714 dilecte
1334 650 1452 730 mi,
1516 657 1755 712 aestate
1816 651 2157 734 praeterita
2219 649 2439 716 videre

191 731 433 795 faciem
476 740 684 812 tuam,
745 730 999 818 quando
1042 729 1165 795 illis
1207 731 1280 796 in
1329 732 1618 817 partibus
1677 731 1801 814 fui3
1861 732 1972 797 sed
2074 734 2437 833 raepeditus

189 813 568 880 lassitudine
623 815 1004 900 sonipedum
1060 814 1144 878 ad
1185 824 1248 880 te
1288 816 1505 880 venire
1546 837 1677 880 non
1732 817 1931 901 potui.
2050 818 2437 884 nterloribus

187 908 413 964 tamen
443 897 666 978 oculi3,
709 899 944 985 quibus
973 897 1122 963 solis
1151 897 1353 980 valeo,
1398 908 1547 964 tuae
1587 899 1996 966 fraternitatis
2032 900 2436 967 dulcedinem

186 981 561 1069 frequenter
589 983 850 1068 aspici0.
923 981 1270 1047 Volueram
1299 983 1599 1069 equidem
1628 984 1754 1048 tuis
1799 984 2083 1070 imperiis
2124 987 2257 1050 iam
2287 996 2435 1051 ante

235 1088 450 1148 arere3
495 1066 626 1148 sed,
671 1076 892 1152 utpote
936 1089 1184 1152 pauper
1226 1075 1290 1131 et
1331 1068 1438 1131 cui
1481 1066 1715 1132 desunt
1755 1065 2017 1150 librarii,
2122 1069 2256 1134 rius
2311 1071 2435 1134 hoc

211 1170 404 1214 acere
432 1149 713 1237 nequivi,
756 1150 1036 1216 maxime
1081 1172 1229 1215 cum
1271 1173 1375 1214 me
1417 1161 1553 1215 tam
1595 1149 1847 1237 prolixa
1874 1150 2075 1217 valitu
2124 1175 2161 1218 o
2207 1155 2435 1218 contri-

185 1233 376 1316 verit,
422 1243 495 1298 ut
535 1257 574 1298 a
602 1256 820 1299 mense
853 1233 1258 1319 Septembrio
1301 1255 1507 1320 paene
1536 1256 1743 1322 usque
1771 1234 1856 1299 ad
1885 1235 2057 1301 diem
2085 1237 2434 1302 nativitatis

181 1318 460 1381 Domini
501 1315 732 1382 lectulo
777 1316 1070 1384 detentus
1101 1318 1242 1398 sim,
1285 1339 1492 1404 neque
1536 1317 1787 1384 licuerit
1827 1318 2125 1385 clericulo
2166 1319 2277 1403 illi,
2322 1323 2436 1408 qui

183 1401 353 1466 haec
412 1400 638 1466 eadem
695 1411 1044 1489 utcumque
1100 1402 1387 1488 scripsit,
1454 1423 1717 1466 manum
1779 1403 1863 1467 ad
1914 1407 2436 1469 atramentarium

183 1487 463 1550 mittere.
552 1487 824 1584 Suscipe
878 1496 1125 1568 tamen,
1182 1488 1476 1572 quamvis
1521 1509 1681 1568 ser0,
1728 1486 2026 1572 epistolas
2071 1511 2232 1574 quas
2278 1488 2437 1554 desi-

183 1569 463 1651 derasti3
529 1577 594 1633 et
650 1591 802 1656 qma
866 1569 1022 1632 mihi
1083 1591 1191 1634 eas
1246 1579 1393 1634 ante
1449 1569 1732 1657 relegere
1795 1593 1952 1655 prae
2018 1574 2437 1671 occupatione

183 1663 359 1717 totas
404 1673 536 1717 non
575 1651 773 1735 licuit,
817 1652 900 1716 34
931 1675 1016 1718 ex
1059 1654 1150 1716 eis
1183 1654 1340 1717 scito
1370 1653 1637 1719 relectas
1681 1663 1745 1719 et
1786 1665 1979 1741 prout
2018 1664 2200 1741 potul
2228 1678 2439 1722 emen-

181 1737 373 1800 datas
419 1757 591 1818 esse,
649 1747 906 1822 praeter
946 1757 1156 1822 pauca
1198 1736 1372 1820 loca,
1431 1739 1501 1801 in
1545 1737 1776 1825 quibus
1818 1739 2029 1804 minus
2070 1740 2287 1805 inveni
2303 1791 2319 1824 ,
2376 1751 2439 1806 et

179 1831 409 1884 tamen
437 1841 580 1884 meo
625 1842 702 1885 ea
745 1841 935 1885 sensu
977 1820 1272 1907 supplere
1314 1819 1509 1904 nolui,
1553 1844 1634 1886 ne
1663 1822 1915 1887 viderer
1954 1825 2116 1888 tanti
2158 1823 2435 1889 doctoris

180 1905 390 1969 verba
453 1904 788 1968 inmutare.
890 1904 1143 1984 Quibus
1205 1907 1271 1968 in
1335 1905 1498 1970 locis
1564 1915 1628 1971 et
1690 1905 2043 1972 forinsecus
2107 1907 2192 1971 ad
2257 1929 2434 1971 oram

179 1997 418 2069 zetam,
465 1988 637 2073 quod
678 1996 776 2054 est
814 1988 954 2052 vitii
997 1989 1270 2086 signum,
1315 1991 1607 2076 apposui.
1693 1990 1837 2055 Tua
1876 1991 2091 2076 itaque
2146 1991 2433 2056 fraterni-

177 2081 303 2154 taS,
353 2074 409 2135 si
453 2093 522 2135 se
564 2070 833 2136 facultas
864 2070 1129 2154 dedent,
1174 2071 1450 2159 reliquas
1494 2072 1793 2159 epistolas
1824 2074 1907 2137 ad
1936 2072 2431 2140 emendatiorem

175 2153 473 2240 relegere
514 2156 766 2219 studeat
795 2155 1104 2239 codicem,
1149 2155 1266 2220 sed
1307 2165 1372 2220 et
1412 2155 1575 2238 loca,
1615 2158 1683 2220 in
1728 2157 1962 2243 quibus
1986 2159 2196 2221 minus
2239 2157 2431 2223 habe·

173 2251 306 2321 tur,
351 2236 762 2303 nihilominus
792 2260 912 2324 sup
961 2237 1107 2303 lere.
1195 2239 1341 2303 Hoc
1377 2248 1591 2304 tamen
1635 2242 1954 2304 sanctitati
1996 2252 2143 2305 tuae
2173 2242 2431 2326 suade0,

173 2346 261 2388 ne
304 2322 554 2408 passim
595 2331 857 2408 propter
895 2345 935 2385 a
959 2323 1140 2408 iqua,
1202 2344 1364 2408 quae
1406 2324 1472 2386 in
1532 2324 1625 2387 eis
1669 2325 1882 2387 minus
1925 2322 2191 2390 idoneos
2235 2322 2432 2390 latere

175 2407 395 2492 magis
442 2427 635 2492 quam
679 2407 844 2471 scire
888 2407 1212 2487 convenit,
1256 2405 1685 2492 publicentur.
1769 2406 1957 2489 Vale,
2016 2407 2211 2474 frater
2264 2430 2432 2473 ama-

175 2489 361 2573 bilis,
423 2512 675 2575 semper
715 2490 783 2552 in
824 2490 1011 2554 bonis
1055 2489 1357 2589 gliscens3
1403 2499 1465 2555 et
1510 2512 1659 2555 cum
1702 2501 1979 2556 mentem
2023 2491 2106 2557 ad
2157 2515 2434 2579 superna

175 2573 551 2656 tetenderis,
596 2584 915 2639 memento
960 2596 1107 2638 mei.

355 2655 529 2722 Ante
573 2678 722 2721 suos
763 2656 1003 2722 refluus
1045 2657 1307 2722 Rhenus
1350 2681 1418 2723 re
1468 2659 1686 2723 edabit
1724 2658 1810 2722 ad
1854 2668 2049 2742 ortus,

441 2741 612 2805 Ante
653 2750 829 2826 petet
867 2740 1110 2806 fontem
1151 2741 1323 2806 clara
1438 2740 1631 2806 osella
1672 2764 1876 2822 suum,

357 2825 573 2906 Quam
616 2832 764 2888 tuus
810 2847 845 2888 e
889 2833 1127 2906 nostro,
1173 2847 1391 2889 carum
1434 2848 1512 2890 ac
1556 2824 1968 2892 memorabile
2013 2849 2267 2913 semper

440 2907 649 2972 Dulce
682 2907 972 2973 Adalard
1013 2930 1265 2990 nomen,
1310 2919 1569 2995 pectore
1614 2908 1800 2975 cedat
1841 2931 2041 2975 amor.

353 2992 461 3056 Tu
501 3013 776 3078 quoque,
822 2993 876 3055 si
918 2989 1072 3057 felix
1113 2993 1338 3078 vigeas
1382 2992 1461 3057 de
1506 3015 1770 3058 munere
1815 2992 2072 3076 Christi,

442 3075 602 3140 Esto
647 3097 893 3140 memor
935 3074 1121 3141 Pauli
1164 3087 1418 3163 tempus
1460 3076 1528 3140 in
1572 3098 1759 3142 omne
1803 3077 1917 3141 tui.

355 3215 611 3279 Paulus
654 3238 783 3300 per
825 3215 1058 3300 plures
1101 3238 1312 3280 annos
1353 3217 1429 3280 in
1486 3216 1786 3279 Francia
1841 3216 2078 3315 degens
2136 3215 2433 3279 diversas

177 3301 329 3386 ejus
372 3301 673 3383 reqiones
715 3301 1029 3380 visitavit,
1083 3321 1234 3364 moa·
1275 3321 1510 3384 reymn,
1554 3307 1627 3362 ut
1672 3299 1942 3382 opinari
1979 3298 2108 3382 fas
2150 3308 2273 3380 eet,
2334 3320 2432 3363 co-

173 3384 456 3448 mitatus
467 3430 488 3464 ,
552 3404 702 3446 mox
759 3382 1059 3466 fortasse
1123 3382 1476 3448 celebriora
1540 3385 1648 3446 eui
1714 3382 1970 3447 ordinis
2034 3384 2434 3447 monasteria

176 3467 536 3532 ‘orationis
577 3468 804 3530 causa’
849 3467 1102 3531 adiens.
1192 3467 1556 3532 Theodonis
1598 3463 1861 3529 villaml
1917 3469 2123 3548 venit,
2176 3465 2435 3530 Pictavi

181 3551 270 3614 ab
316 3550 503 3634 Apro
549 3549 620 3614 S.
655 3547 917 3615 Hilarii
960 3550 1185 3615 abbate
1228 3553 1531 3636 *royatus
1576 3549 1978 3614 celeberrimo
2073 3559 2247 3614 oetae
2275 3550 2432 3615 For·
2452 3559 2525 3614 ἐ».
2546 3564 2618 3606 22·

175 3643 416 3699 tunato
479 3634 890 3718 epitaphium
946 3636 1381 3718 composuit²,·
1447 3635 1643 3698 etiam
1694 3635 1768 3697 in
1826 3573 2112 3698 boreasss
2170 3632 2433 3699 Galliae

167 3727 410 3803 partes
456 3715 797 3802 profectus
855 3740 989 3782 esse
1031 3718 1292 3783 videtur
1312 3728 1370 3799 ³,
1437 3719 1553 3782 viae
1607 3727 1820 3781 tamen
1862 3717 2165 3783 Rhenum
2218 3727 2432 3782 trans-

181 3822 476 3888 gressus.

354 3884 510 3949 Post
554 3882 650 3948 ali
694 3894 804 3949 aot
837 3907 1048 3950 annos
1077 3906 1226 3950 vero
1255 3887 1329 3948 in
1362 3885 1669 3970 patriam
1697 3886 1896 3950 rediit
1907 3907 1931 3967 ,·
1974 3887 2051 3951 id
2081 3885 2255 3971 quod
2282 3907 2431 3971 φερε

167 3969 588 4054 permittente
611 3907 879 4052 sactum
909 3970 1011 4049 sit,
1058 3978 1319 4053 oportet,
1365 3992 1513 4034 cum
1542 3968 1824 4033 Paulum
1854 3971 2091 4034 intima
2114 3969 2430 4054 familia-

172 4146 240 4196 Ρ.
273 4128 414 4191 397,·
454 4127 598 4182 Ami.
638 4129 720 4192 II,
749 4147 815 4195 p.
849 4130 984 4191 284;
1023 4129 1108 4182 De
1143 4145 1202 4182 re
1240 4129 1374 4195 dipl.
1415 4147 1480 4195 p.
1510 4130 1637 4181 360.
1717 4130 1954 4184 Codicem
1993 4146 2044 4182 a.
2089 4129 2248 4179 1⁷91.
2271 4128 2431 4194 sarto

183 4219 299 4255 esse
348 4202 602 4266 ablatam,
655 4202 715 4253 V.
757 4201 832 4255 Οἱ.
873 4201 1074 4255 Delisle
1109 4203 1319 4264 retulin-
1357 4221 1408 4254 v.
1445 4203 1519 4256 N.
1546 4203 1707 4256 Arch.
1747 4203 1795 4267 I,
1824 4221 1889 4270 p.
1919 4202 2043 4254 607.
2196 4202 2251 4265 1)
2288 4200 2432 4250 Hist.

183 4273 571 4401 fifflhssdssm
715 4276 770 4339 2)
810 4276 953 4329 Hist.
993 4275 1167 4343 Lany.
1208 4275 1289 4340 II,
1319 4276 1404 4328 13.
1630 4275 1690 4344 3)
1741 4276 1800 4328 V.
1849 4293 2017 4344 supra
2054 4273 2327 4341 epistolam
2359 4272 2435 4324 ad
