2984 4917
479 423 700 476 PAULI
737 424 1085 478 HISTORIA
1123 424 1792 478 LANGOBARDORUM.
1868 425 2009 477 LIB.
2051 428 2097 479 I.
2330 428 2401 478 49

493 589 947 658 INCIPIVNT
964 603 991 636 ⁸¹
1036 591 1482 658 OAPITVLA
1528 591 1769 657 LIBRI
1808 592 2078 658 PRIMI.

223 733 278 796 1.
360 731 465 795 De
523 729 899 815 Germania,
964 731 1136 818 quod
1185 731 1399 818 plures
1461 733 1706 796 nutriat
1768 729 2071 819 populos,
2128 730 2399 819 ideoque

363 837 449 880 ex
496 837 572 880 ea
620 815 854 882 multae
915 826 1138 902 gentes
1202 816 1625 902 egrediantur.

178 975 222 1029 a)
253 977 308 1018 In
353 981 542 1019 nomine
590 980 779 1020 Domini
825 980 1057 1030 incipqut
1107 980 1310 1029 capitula
1356 980 1413 1021 de
1472 979 1669 1020 historia
1714 980 2122 1029 Langobardorum
2167 977 2209 1019 A
2240 981 2281 1020 2.
2343 980 2401 1020 In

177 1037 341 1077 christi
372 1039 560 1078 nomine
591 1039 820 1088 incipiunt
850 1038 1053 1089 capItula
1083 1039 1192 1078 libri
1221 1039 1380 1097 istorie
1399 1039 1809 1087 Langobardorum
1829 1039 1871 1078 A
1902 1034 1966 1079 ’3.
2014 1038 2251 1088 Incipiunt
2280 1040 2403 1089 capi·

177 1096 273 1135 tula
330 1095 438 1136 libri
491 1098 631 1147 primi
673 1097 896 1137 historiae
947 1098 1362 1147 Langobardorum
1421 1098 1463 1137 A
1505 1099 1545 1138 3.
1582 1099 1649 1138 Bc.
1751 1097 1988 1148 Incipiunt
2048 1097 2253 1148 capitula
2290 1094 2401 1138 libri

177 1155 308 1204 primi
336 1156 386 1194 in
415 1156 610 1196 historia
637 1157 1054 1205 Longobardorum
1100 1157 1142 1196 A
1173 1158 1214 1198 5.
1291 1158 1348 1196 In
1393 1168 1438 1196 n.
1487 1169 1523 1198 s.
1570 1158 1789 1198 trinitatis
1828 1158 1919 1197 inc.
1964 1168 2061 1207 cap.
2108 1156 2221 1198 libri
2262 1158 2402 1207 primi

175 1215 222 1253 in
251 1213 486 1254 historiam
514 1215 926 1263 Longobardorum
956 1215 997 1256 A
1031 1217 1073 1256 6.
1164 1216 1221 1255 In
1263 1217 1450 1255 nomine
1481 1217 1632 1256 Patris
1676 1219 1723 1256 et
1764 1216 1877 1256 Filii
1924 1220 1970 1256 et
2012 1216 2209 1266 Spiritus
2252 1217 2401 1256 sancti

175 1273 399 1323 incipiunt
431 1274 637 1324 capitula
666 1274 776 1314 libri
805 1275 944 1324 primi
986 1274 1205 1315 historiae
1245 1275 1656 1324 Longobardorum
1700 1275 1742 1315 D
1776 1275 1819 1315 3.
1919 1275 2156 1324 Incipiunt
2197 1274 2402 1325 capitula

175 1332 278 1371 iibri
319 1333 457 1382 primi
503 1333 727 1373 historiae
771 1335 921 1383 gentis
966 1334 1375 1384 Langobardorum
1423 1331 1620 1384 plerique
1658 1335 1717 1378 D.
1762 1379 1769 1386 ,
1806 1335 1903 1374 Inc.
1963 1344 2063 1384 cap.
2106 1334 2157 1374 in
2207 1334 2401 1375 historia

176 1391 378 1439 Langob.
409 1393 448 1431 E
483 1393 522 1443 1,
553 1392 630 1431 ubi
659 1392 908 1432 abbreviata
939 1398 1055 1434 sunt.
1132 1394 1370 1444 Incipiunt
1411 1395 1619 1444 capitula
1663 1395 1714 1434 in
1752 1393 1946 1434 historia
1985 1393 2399 1441 Longobardorum

174 1449 216 1489 Η
242 1450 287 1488 4.
323 1473 376 1481 -
407 1451 541 1490 Inda
569 1462 664 1490 cum
686 1451 844 1500 primis
872 1451 1003 1500 foliis
1032 1452 1182 1492 eccidit
1225 1454 1274 1492 in
1316 1452 1358 1491 A
1393 1454 1430 1491 1.
1466 1452 1502 1493 C
1537 1454 1575 1491 1.
1609 1453 1633 1492 Ι
1678 1457 1700 1492 1
1733 1458 1771 1492 ct
1811 1453 1943 1502 aliie5
1984 1451 2193 1491 omittitur
2224 1454 2401 1492 omniuo

173 1509 217 1548 in
245 1508 287 1547 A
317 1506 378 1548 ⁸2.
419 1510 457 1548 B
493 1511 534 1562 1,
574 1509 651 1548 ubi
693 1515 951 1560 arqumenta
990 1512 1118 1561 capit.
1163 1512 1322 1552 1-24,
1365 1513 1609 1561 praemissa
1652 1517 1767 1560 sunt,
1799 1513 1837 1552 B
1871 1513 1943 1552 2ο..
1975 1513 2013 1551 Ε
2044 1512 2087 1550 4.
2119 1511 2157 1550 Ε·
2190 1513 2230 1551 1.
2267 1511 2309 1552 G
2340 1509 2403 1556 ⁶5.

174 1570 240 1610 5a.
273 1568 297 1607 Ι
327 1569 371 1610 2.
399 1569 443 1608 Κ
462 1570 500 1608 1.
521 1589 573 1599 -
607 1568 797 1608 Prorsus
826 1570 1039 1609 diversum
1069 1570 1190 1612 codd.
1225 1569 1265 1611 G
1287 1572 1326 1610 1.
1350 1571 1388 1612 2.
1411 1572 1436 1610 8
1470 1569 1610 1623 (cujus
1632 1573 1781 1620 prima
1804 1571 1974 1620 payina
1990 1570 2083 1619 jam
2112 1570 2193 1620 lcqt’
2221 1568 2401 1621 nequit).

171 1629 210 1670 4.
242 1627 283 1669 5.
311 1627 335 1666 Ι
354 1629 410 1666 la
438 1627 502 1666 ita
533 1627 747 1668 exhibent.-
780 1630 822 1667 1.
855 1629 928 1670 De
960 1629 1312 1679 septentrionali
1342 1629 1497 1680 plaga,
1530 1630 1652 1679 quod
1685 1629 1814 1683 (deest
1836 1630 1877 1671 G
1896 1627 1943 1678 4)
1976 1629 2185 1679 quamvis
2218 1630 2401 1678 singula

171 1687 270 1726 loca
311 1684 442 1734 (dem
475 1685 518 1727 G
546 1684 594 1737 4)
627 1687 828 1738 propriis
871 1692 1199 1738 nuncupentur
1239 1689 1519 1740 nominibus,
1563 1689 1772 1738 generali
1818 1691 1974 1729 tamen
2018 1687 2243 1729 vocabulo
2290 1689 2399 1729 Ger·

170 1746 322 1785 mania
350 1747 591 1785 vocitetur.
655 1747 696 1787 2.
726 1747 908 1786 Divisio
941 1748 1234 1788 Winolorum
1266 1747 1592 1800 (Huinolorum
1614 1748 1656 1789 G
1684 1747 1730 1800 4)
1765 1748 1816 1788 in
1844 1747 1992 1787 tribus
2022 1748 2230 1798 partibus
2263 1747 2399 1788 saeta.

170 1805 209 1844 3.
238 1804 311 1845 De
341 1815 398 1844 eo
445 1805 568 1854 quod
613 1806 753 1845 tertia
795 1815 903 1854 pars
947 1807 1110 1856 populi
1155 1807 1264 1846 Ibor
1308 1809 1354 1848 et
1402 1806 1603 1847 Aionem
1648 1817 1789 1857 super
1834 1817 1883 1846 se
1916 1807 2199 1847 ordinaverit
2242 1807 2399 1847 duces.

169 1864 211 1904 4.
243 1864 314 1905 De
355 1866 535 1914 septem
575 1864 688 1904 viris
734 1864 1068 1906 dormientibus
1117 1865 1166 1905 in
1197 1865 1360 1906 eadem
1406 1865 1690 1908 Germaniae
1730 1867 1919 1916 regione
1962 1865 2031 1918 (in
2065 1864 2219 1906 Germ.
2251 1866 2274 1904 Ι
2308 1863 2399 1916 la).

166 1922 208 1964 ⁶.
239 1921 312 1964 De
343 1921 666 1973 Scriptowinis
698 1921 1038 1975 (Scriptoiinnis
1071 1922 1114 1966 G
1145 1921 1190 1976 1)
1233 1927 1370 1974 gente
1402 1923 1535 1978 (gens
1568 1923 1611 1967 G
1640 1923 1703 1977 4),
1736 1935 1855 1974 quae
1896 1925 2047 1966 crudis
2090 1925 2307 1965 carnibus
2337 1925 2401 1963 vi-

166 1985 277 2023 vunt
308 1981 445 2036 (vivit
471 1983 496 2022 Ι
529 1979 620 2034 la),
651 1982 817 2032 quibus
848 1984 990 2023 etiam
1019 1983 1070 2022 in
1100 1983 1215 2024 locis
1245 1995 1330 2034 per
1371 1984 1550 2033 aliquot
1580 1984 1679 2025 dies
1720 1984 1923 2024 noctium
1966 1983 2124 2037 (noctu
2155 1983 2177 2023 1
2210 1981 2283 2034 la)
2316 1983 2400 2023 lux

164 2041 420 2082 clarissima
449 2042 665 2082 cernitur.
728 2042 768 2081 6.
798 2043 870 2081 De
901 2043 1124 2090 voragine
1163 2043 1328 2082 oceani
1368 2043 1510 2083 maris
1542 2046 1588 2083 et
1630 2044 1687 2084 de
1721 2044 1822 2083 viro
1871 2053 2007 2092 quem
2048 2043 2295 2082 umbilicus
2328 2043 2402 2081 ab·

161 2100 352 2141 sorbuit.
415 2099 457 2141 ¹1.
488 2101 562 2140 De
592 2109 784 2150 egressu
819 2101 1099 2142 winilorum
1130 2111 1158 2141 a
1194 2100 1530 2154 Scandanavia‚
1572 2103 1618 2142 et
1646 2112 1729 2152 pro
1768 2102 1952 2142 tributis
1982 2102 2311 2143 Wandalorum
2342 2101 2404 2141 le-

161 2159 278 2210 gatis
309 2159 370 2199 ad
413 2168 492 2199 eos
522 2159 688 2201 missis.
759 2160 800 2201 8.
833 2160 906 2200 De
947 2171 1003 2200 eo
1049 2160 1174 2210 quod
1203 2160 1421 2202 wandali
1453 2159 1621 2203 Godan
1658 2161 1931 2209 sortilogum
1972 2161 2214 2200 victoriam
2246 2163 2399 2209 postu-

165 2220 338 2259 lassent
366 2216 680 2270 (postulabant
711 2217 754 2259 G
784 2216 846 2269 4).
909 2219 948 2258 9.
983 2217 1116 2266 Quod
1131 2219 1426 2269 Langobardi
1445 2220 1502 2260 ab
1535 2220 1735 2260 intactae
1760 2218 1951 2273 (intacto
1986 2218 2026 2259 G
2048 2220 2090 2259 4.
2126 2219 2149 2258 1
2169 2216 2241 2267 la)
2276 2217 2399 2258 ferro

159 2277 332 2318 barbae
361 2277 656 2326 longitudine
685 2278 779 2317 sint
819 2276 946 2330 (sunt
978 2277 1021 2319 G
1050 2277 1094 2318 4.
1127 2279 1152 2318 Ι
1183 2275 1256 2329 la)
1299 2279 1534 2328 appellati.
1596 2277 1668 2319 10.
1697 2277 1880 2318 Bellum
1911 2277 2189 2317 winilorum
2222 2277 2400 2329 (wino-

157 2336 308 2377 lorum
341 2335 385 2378 G
415 2333 461 2388 4)
494 2347 598 2376 cum
638 2337 895 2378 Wandalis.
957 2338 1028 2378 11.
1061 2337 1151 2377 Ubi
1180 2335 1392 2388 Assipitti
1424 2336 1638 2390 (Assipiti
1667 2337 1709 2378 G
1738 2335 1783 2390 4)
1814 2346 1974 2377 eornm
2014 2337 2102 2375 iter
2142 2335 2400 2385 inpediunt.

160 2397 229 2435 12.
263 2397 337 2435 De
369 2394 594 2444 singulari
625 2395 874 2436 certamine
915 2397 962 2436 et
999 2395 1212 2437 libertate
1252 2396 1526 2437 transeundi
1556 2396 1963 2445 Langobardorum
2007 2405 2092 2445 per
2132 2394 2247 2435 fines
2278 2393 2402 2434 Assi-

157 2455 402 2505 pittorum.
463 2455 536 2496 13.
569 2453 642 2495 De
660 2454 874 2496 libertate
906 2464 1143 2495 servorum
1175 2457 1222 2496 et
1246 2455 1296 2496 in
1327 2454 1493 2504 quibus
1524 2457 1687 2505 postea
1716 2454 2025 2496 habitaverint
2056 2453 2398 2507 (habitaverunt

159 2513 203 2556 G
231 2510 278 2565 4)
312 2513 446 2554 locis.
508 2514 577 2556 14.
607 2514 802 2554 Mortuis
833 2514 1026 2556 ducibus
1068 2514 1177 2556 Ibor
1219 2517 1266 2556 et
1295 2513 1478 2564 Agione
1526 2513 1696 2567 (Aione
1738 2514 1781 2556 G
1810 2511 1873 2566 4),
1915 2515 2114 2564 primum
2160 2514 2231 2554 eis
2261 2511 2399 2562 Agel-

156 2572 316 2624 mund,
347 2573 544 2622 Agionis
585 2572 722 2625 fillus,
765 2576 944 2622 regnat.
1015 2573 1084 2615 15.
1115 2573 1186 2614 De
1219 2574 1418 2623 quadam
1463 2574 1708 2614 meretrice
1748 2585 1841 2614 uno
1884 2576 2021 2623 partu
2052 2575 2227 2623 septem
2260 2572 2399 2612 enixa

154 2631 379 2682 puerulos
412 2635 458 2672 et
488 2632 538 2671 in
567 2633 795 2681 piscinam
825 2633 1070 2685 proiectos,
1102 2641 1160 2672 ex
1180 2632 1342 2682 quibus
1373 2642 1457 2672 rex
1487 2643 1633 2673 unum
1662 2633 1808 2674 levari
1824 2633 2063 2683 praecepit
2093 2635 2139 2672 et
2168 2631 2396 2671 Lamissio

154 2701 330 2731 nomen
359 2691 596 2743 imposuit,
629 2691 708 2740 qui
737 2695 899 2741 postea
930 2699 1034 2732 cum
1063 2689 1404 2732 Amazonarum
1445 2691 1697 2732 fortissima
1726 2693 1776 2733 in
1806 2691 1948 2732 fluvio
1980 2693 2141 2731 natatu
2173 2690 2393 2731 conflixit.

157 2751 222 2792 is.
257 2751 332 2791 De
365 2760 424 2790 eo
457 2751 564 2803 (hoc
596 2749 638 2790 G
670 2752 722 2802 13
754 2751 827 2791 De
869 2761 927 2792 eo
957 2751 1046 2791 des.
1079 2751 1103 2790 Ι
1135 2748 1209 2801 la)
1253 2751 1376 2800 quod
1406 2750 1557 2791 subito
1590 2761 1730 2802 snper
1776 2761 1854 2791 eos
1887 2751 2109 2799 Vulgares
2140 2750 2397 2800 inruentes,

154 2819 315 2858 regem
344 2820 508 2850 eorum
538 2806 800 2857 Agelmund
832 2810 1113 2851 occiderunt.
1176 2811 1248 2851 17.
1266 2807 1354 2850 Hic
1385 2811 1614 2851 secundus
1634 2810 1953 2859 Langobardis
1973 2808 2200 2850 Lamissio
2233 2810 2397 2856 regnat

153 2871 200 2910 et
228 2869 491 2918 Vulgarum
521 2871 706 2918 gentem
745 2869 986 2918 inpugnat.
1050 2870 1120 2910 18.
1153 2867 1256 2909 Hoc
1287 2879 1470 2918 quoque
1501 2867 1735 2921 defuncto,
1764 2869 1927 2919 Lethu,
1959 2868 2128 2910 dehinc
2156 2866 2397 2917 Hildehoc,

157 2932 202 2970 et
228 2931 339 2978 post
384 2928 511 2967 hunc
555 2927 741 2977 quintus
774 2927 970 2969 Gudeon
1019 2937 1212 2977 regnum
1257 2929 1475 2978 suscepit.
1541 2929 1611 2969 19.
1643 2929 1831 2970 Bellum
1876 2928 1997 2967 inter
2043 2926 2265 2977 Odoacar,
2316 2926 2399 2975 qui

157 2988 279 3028 intra
309 2987 502 3027 Italiam
547 2985 783 3038 regnabat,
815 2989 864 3026 et
901 2986 1174 3027 Peletheum
1213 2985 1448 3036 Rugorum
1491 2997 1664 3036 regem.
1726 2986 1974 3040 (Sequentia
2014 2995 2148 3035 usque
2179 2985 2238 3024 ad
2266 2983 2397 3024 verba

156 3047 192 3098 1,
225 3048 281 3087 6:
314 3045 508 3086 fuerunt
535 3045 837 3085 morientibus
867 3045 1020 3085 desum
1062 3044 1105 3086 G
1139 3048 1177 3096 1,
1221 3051 1412 3095 quatuor
1440 3045 1572 3094 foliis
1612 3045 1797 3098 excisis).
1860 3046 1931 3086 20.
1964 3045 2053 3084 Hic
2091 3053 2214 3084 mors
2246 3042 2397 3084 Gudei

157 3108 204 3146 et
231 3105 462 3156 Clafonis,
493 3108 541 3144 et
568 3104 742 3144 bellum
773 3105 895 3145 inter
919 3105 1146 3145 'ratonem
1173 3107 1221 3144 et
1247 3104 1501 3144 Rodulfum
1533 3115 1687 3154 regem
1702 3105 1994 3146 Herulorum.
2056 3104 2129 3144 21.
2162 3103 2234 3142 De
2262 3103 2399 3142 inter·

156 3164 363 3205 sectione
394 3164 600 3214 Tatonis,
646 3167 694 3204 et
734 3163 857 3212 quod
885 3163 1059 3204 Waeho
1091 3163 1350 3215 (Eumacho
1385 3163 1428 3205 G
1459 3162 1505 3214 3)
1538 3163 1715 3204 Suavos
1754 3174 1839 3203 suo
1882 3162 2085 3202 domInio
2118 3160 2397 3209 subiugavit.

157 3223 227 3263 22.
263 3222 364 3276 (hoc
405 3223 498 3263 loco
527 3221 679 3272 incipit
710 3222 752 3263 G
783 3223 825 3274 2,
851 3224 996 3272 primo
1016 3222 1133 3271 folio
1163 3220 1340 3275 amisso)
1373 3223 1493 3262 Hinc
1527 3222 1634 3275 (Hic
1666 3222 1765 3263 G3.
1800 3223 1869 3263 bc.
1902 3218 2016 3269 Ila)
2048 3220 2243 3261 Waltari
2275 3218 2395 3271 (vn.

157 3282 355 3324 Waitari
387 3281 431 3324 G
461 3279 549 3334 50),
597 3284 700 3331 post
742 3290 879 3329 quem
925 3289 1075 3321 nouus
1121 3279 1310 3322 Auduin
1355 3280 1579 3334 (Oduuini
1627 3281 1669 3322 G
1701 3285 1752 3332 ²3
1799 3280 2007 3321 Otwinus
2056 3279 2080 3318 Ι
2112 3275 2185 3328 ia)
2232 3281 2399 3325 regnat

153 3338 324 3391 (fllium
365 3341 491 3390 regis
523 3341 692 3381 occidit
707 3340 808 3381 aad.
830 3338 978 3391 Gbc).
1038 3341 1111 3381 23.
1141 3341 1231 3380 Hic
1262 3339 1437 3393 (Aduin
1455 3341 1497 3381 G
1515 3338 1587 3391 50)
1621 3340 1795 3381 Albuin
1828 3337 2053 3391 (Albuuin
2076 3337 2161 3379 G2
2193 3334 2392 3389 semper),

155 3399 277 3440 filius
311 3401 437 3449 regis
469 3397 656 3440 Auduin
689 3399 914 3452 (Oduuini
945 3399 989 3440 G
1022 3400 1060 3439 2.
1091 3400 1115 3439 Ι
1147 3396 1238 3451 la),
1269 3400 1607 3450 Turismodum,
1641 3399 1877 3439 Turisindi
1911 3397 2069 3450 (Thur.
2102 3396 2145 3438 G
2177 3393 2223 3448 2)
2258 3394 2393 3436 Gebi·

156 3458 320 3499 dorum
349 3457 642 3511 (Gebitorum
675 3457 718 3499 G
749 3455 794 3509 3)
827 3459 948 3508 regis
979 3458 1139 3510 fllium,
1171 3459 1353 3499 occidit.
1415 3458 1486 3498 24.
1517 3459 1589 3498 De
1624 3468 1681 3499 eo
1712 3458 1835 3508 quod
1865 3455 2043 3497 Albuin
2072 3466 2158 3506 pro
2189 3455 2397 3506 petenda

153 3527 284 3558 arma
315 3518 375 3558 ad
404 3518 736 3558 'thurisindum
766 3527 923 3566 regem
953 3517 1186 3567 profectus
1219 3522 1300 3558 est.
1363 3516 1521 3560 25.De
1552 3518 1807 3558 Iustiniano
1842 3516 2066 3570 (Iustiano
2100 3513 2143 3555 G
2169 3512 2218 3565 2)
2253 3515 2397 3565 impe·

155 3581 324 3629 ratore,
357 3577 438 3627 qui
467 3580 515 3618 et
544 3577 672 3619 bella
701 3586 921 3626 prospere
964 3587 1050 3626 per
1078 3576 1345 3617 Bilisarium
1387 3577 1529 3624 gessit
1573 3581 1621 3618 et
1651 3578 1701 3617 in
1739 3576 1866 3630 (dem
1899 3575 1941 3616 G
1972 3572 2017 3626 3)
2053 3574 2203 3614 causis
2237 3573 2395 3626 (clusis

160 3633 198 3676 G
231 3636 274 3676 3.
309 3633 357 3686 4)
391 3635 610 3676 civilibus
639 3635 862 3676 mirificus
892 3636 1072 3686 extitit3
1116 3635 1252 3676 huius
1297 3636 1580 3685 temporibus
1613 3636 1909 3676 Cassiodorus
1952 3634 2138 3674 divinae
2170 3633 2395 3673 scientiae

155 3693 340 3747 claruit,
370 3699 419 3736 et
447 3695 714 3735 Priscianus
757 3695 1084 3743 grammaticae
1115 3694 1224 3735 artis
1265 3693 1497 3745 profunda
1538 3695 1727 3735 rimatus
1760 3698 1842 3736 est.
1905 3694 1976 3734 26.
2007 3694 2079 3732 De
2120 3695 2280 3732 sancto
2310 3692 2395 3732 Be·

157 3753 344 3794 nedicto
377 3754 444 3807 (et
475 3754 576 3795 eius
617 3754 852 3794 miraculis
884 3758 930 3795 et
972 3754 1184 3794 laudibus
1225 3754 1327 3794 eius
1369 3753 1469 3792 add.
1503 3754 1526 3792 Ι
1560 3752 1649 3805 la).
1711 3754 1781 3796 27.
1812 3755 1885 3795 De
1926 3761 2069 3802 regno
2113 3750 2319 3802 Albuini,
2352 3753 2399 3792 et

157 3812 281 3860 quod
328 3824 432 3853 cum
473 3811 640 3853 Avaris
684 3811 928 3866 (Averibus
976 3812 1019 3854 G
1050 3814 1104 3862 23
1149 3814 1322 3853 Avares
1357 3811 1397 3853 G
1429 3810 1473 3863 8)
1524 3813 1685 3854 foedus
1726 3815 1999 3864 perpetuum
2037 3811 2209 3863 inierit,
2261 3813 2308 3850 et
2338 3809 2395 3851 de

157 3869 487 3914 interfectione
517 3871 800 3912 Cunimundi
830 3873 954 3921 regis
987 3871 1271 3923 Gepidorum
1303 3871 1545 3921 capiteque
1576 3873 1701 3912 illius
1733 3872 1890 3912 ablato
1924 3874 1970 3912 et
2000 3879 2059 3911 ex
2090 3880 2145 3910 eo
2177 3868 2395 3920 poculum

157 3925 294 3979 (corr.
325 3925 495 3982 poculo'
528 3930 570 3972 G
601 3929 647 3984 4)
677 3932 812 3972 facto.
843 3951 898 3962 ·-
931 3932 968 3971 Ε·
1001 3933 1057 3971 la
1097 3935 1350 3981 argumenta
1391 3931 1456 3970 ica
1484 3931 1536 3970 dc
1563 3942 1644 3970 auo
1674 3931 1907 3981 supplevi&
1962 3931 2002 3970 1.
2035 3931 2109 3969 De
2153 3931 2321 3969 natura
2350 3929 2399 3967 et

156 3987 249 4027 situ
282 3990 657 4040 septentrionalis
696 3991 833 4041 plage
877 3989 1139 4041 Germanic,
1183 3993 1230 4030 et
1270 3989 1393 4039 quod
1423 4000 1482 4030 ex
1513 3999 1569 4030 ea
1601 3989 1743 4032 Gothi
1782 3988 2000 4031 Wandali
2044 3988 2208 4029 Heruli
2238 3985 2394 4026 Turci·

155 4044 274 4095 lingi
305 4059 486 4089 necnon
516 4053 565 4090 et
591 4049 685 4090 alie
715 4049 894 4090 feroces
925 4053 972 4090 et
1015 4049 1242 4090 barbarae
1273 4051 1431 4097 gentes
1472 4049 1757 4098 prodierunt.
1818 4050 1859 4091 2.
1891 4048 2001 4088 Pari
2047 4047 2183 4087 modo
2226 4048 2272 4086 et
2300 4044 2397 4084 Wi-

154 4105 375 4159 nilorum,
404 4108 491 4148 hoc
522 4112 592 4149 est
619 4109 1046 4160 Longobardorum,
1089 4117 1218 4159 gens,
1259 4117 1378 4158 quae
1407 4108 1457 4147 in
1487 4108 1626 4148 Italia
1655 4108 1881 4158 regnavit,
1928 4117 1957 4147 a
1988 4105 2242 4148 Germania
2272 4106 2395 4144 sorte

155 4164 291 4204 exiit.
354 4166 395 4207 3.
428 4166 562 4215 Quod
603 4168 943 4209 constituerunt
982 4169 1094 4208 duos
1135 4167 1274 4207 duces
1321 4176 1462 4217 snper
1499 4177 1564 4219 se,
1603 4166 1754 4218 Aglon
1784 4170 1831 4207 et
1860 4167 1979 4207 Ibor.
2040 4166 2082 4204 4.
2114 4165 2186 4204 De
2216 4166 2395 4212 septem

157 4220 495 4276 dormientibus
539 4227 620 4276 qui
663 4227 729 4267 ibi
771 4227 824 4268 in
869 4228 1068 4276 quodam
1113 4229 1246 4267 antro
1290 4227 1598 4275 requiescunt.
1675 4227 1715 4267 5.
1748 4227 1821 4266 De
1866 4224 2166 4266 Scritowinis.
2246 4222 2291 4261 6.
2322 4220 2395 4260 De

157 4281 358 4335 caribdi,
387 4290 423 4324 et
452 4289 602 4326 cetera.
655 4309 708 4317 —
751 4287 794 4326 D
829 4282 872 4327 ‘8
903 4285 994 4326 ita.-
1027 4288 1068 4326 1.
1099 4286 1172 4327 De
1206 4285 1470 4338 Germania,
1504 4285 1626 4334 quod
1655 4286 1823 4325 multos
1852 4284 2049 4335 populos
2080 4282 2147 4322 ibi
2176 4283 2394 4320 nascatur

157 4341 204 4378 et
233 4341 350 4383 inde
380 4346 520 4385 multe
550 4347 710 4394 gentes
743 4355 926 4395 egresse
943 4349 1064 4385 sunt.
1126 4345 1167 4386 2.
1197 4345 1270 4386 De
1291 4343 1613 4385 Scandanavia
1642 4344 1811 4394 insula,
1844 4344 1899 4383 de
1932 4352 2023 4391 qua
2052 4338 2392 4389 Winnolorum,

157 4395 206 4436 id
239 4402 314 4439 est
341 4400 764 4456 Longobardorum,
797 4415 911 4454 gens
943 4404 1071 4445 venit
1100 4408 1174 4444 etc.
1209 4424 1261 4435 -
1295 4403 1434 4442 Porro
1463 4403 1502 4442 Ε·
1536 4404 1577 4442 2.
1611 4400 1670 4444 ’2.
1707 4404 1736 4442 4
1766 4403 1829 4442 ita
1859 4401 2037 4441 habent:
2072 4401 2117 4442 1.
2146 4397 2390 4446 Prologus

1861 4486 1895 4534 4
