2984 4917
560 356 664 406 170
846 353 1069 406 PAULI
1106 353 1453 407 HISTORIA
1492 352 2165 407 LANGOBARDORUM.
2238 354 2383 407 LIB.
2419 355 2516 407 IV.

554 533 618 589 et
662 521 1135 605 Grimoaldum‚
1184 523 1315 587 iam
1357 519 1580 586 florem
1632 521 1978 588 iuventutis
2033 521 2356 604 habentes,
2421 523 2611 609 quasi
2652 544 2805 609 pro-

601 608 730 672 rios
793 605 955 672 filios
1018 605 1462 690 Langobardis
1529 606 1643 692 qui
1710 605 1974 671 aderant
2035 606 2508 671 commendavit
2572 607 2804 705 eisque

600 692 737 774 ixit,
771 689 945 777 quod
984 689 1209 754 melius
1240 712 1349 755 eos
1379 711 1602 776 regere
1630 690 1737 754 isti
1765 711 1961 788 quam
1988 690 2114 753 Aio
2152 712 2303 754 suus
2334 689 2502 754 filius
2531 700 2804 776 poss1t⁸.

375 829 413 859 0,
434 756 533 860 ἑῖῗ)
720 778 823 841 44.
837 776 865 817 b
951 772 1273 838 Defuncto
1334 795 1485 858 ergo
1505 786 1530 818 ⁰
1578 771 1850 838 Arechls
1867 773 1914 855 ἃ,
1975 774 2087 859 qui
2131 773 2437 840 ducatum
2481 775 2803 860 quinqua-

322 873 396 927 ·p.
431 877 532 919 185.
553 861 767 946 ginta0
811 866 1103 923 tenuerat
1144 858 1361 939 annis,
1407 857 1608 937 Aiof,
1665 857 1842 922 *eius
1886 854 2074 938 filius,
2120 856 2480 923 Samnitum
2500 871 2519 905 ¹
2567 857 2806 923 ductor

554 944 817 1009 effectus
874 951 994 1023 est3
1055 942 1162 1006 cui
1216 951 1431 1006 tamen
1488 939 1778 1005 Radoald
1837 950 1901 1005 et
1947 940 2281 1007 Grimoald
2337 943 2506 1006 sicut
2558 943 2803 1006 seniori

552 1027 732 1093 fratri
782 1036 846 1092 et
888 1026 1147 1090 domino
1175 1047 1292 1111 per
1328 1025 1543 1089 omnia
1584 1033 1951 1111 paruerunt.
2039 1027 2169 1106 Qui
2186 1037 2215 1080 8
2257 1027 2382 1090 Aio
2425 1048 2580 1090 cum
2621 1027 2801 1090 iam¹¹

554 1111 823 1175 annumi
896 1120 958 1174 et
1035 1110 1361 1175 mensibus
1426 1110 1710 1197 quinque
1766 1108 2409 1174 Beneven‘tanorumk
2485 1110 2800 1175 ducatum

553 1204 832 1280 regeret,
897 1193 1225 1258 venientes
1278 1191 1491 1258 Sclavi
1560 1215 1707 1257 cum
1773 1192 2210 1258 multitudine¹
2273 1196 2557 1276 navium,
2602 1215 2740 1258 non
2757 1205 2799 1237 ω

356 1310 397 1340 0.
432 1298 533 1340 642.
554 1278 745 1365 longe
786 1302 827 1344 a
876 1277 1133 1342 civitate
1190 1278 1471 1363 Seponto
1490 1290 1520 1319 ¹¹
1574 1286 1783 1342 castra
1825 1287 2177 1362 posuerunt
2193 1289 2241 1342 ⁰.
2328 1279 2456 1358 Qui
2508 1276 2799 1342 occultas

552 1363 773 1429 foveas
803 1363 977 1426 circa
1006 1374 1153 1426 sual’
1198 1371 1405 1426 castra
1439 1361 1766 1443 facienteS,
1811 1384 1958 1425 cum
1986 1360 2111 1426 Aio
2155 1385 2229 1426 su
2278 1385 2348 1427 er
2389 1384 2518 1445 θοε,
2561 1360 2800 1426 absen-

552 1447 724 1512 tibus
752 1445 1047 1512 Raduald
1090 1455 1197 1511 et‘1
1244 1444 1596 1524 Grimoald‚
1638 1447 1917 1510 venisset
1951 1467 2186 1531 eosque
2261 1444 2533 1512 ebellare
2578 1445 2798 1528 vellet,

494 1537 499 1542 ’
554 1554 757 1617 equus
803 1533 941 1596 eius
995 1531 1061 1593 in
1104 1551 1300 1594 unam
1342 1529 1421 1594 de
1466 1529 1709 1594 eisdem
1726 1541 1749 1572 ¹·
1805 1529 2008 1595 foveis
2063 1530 2310 1612 cecidit,
2369 1540 2562 1616 atque
2619 1530 2799 1593 inru-

554 1616 808 1714 entibus
852 1635 1047 1700 super
1088 1626 1269 1678 eums
1328 1611 1596 1695 sclavis,
1649 1611 1852 1739 simult
1897 1635 2044 1676 cum
2090 1613 2435 1713 aliquantis
2487 1613 2630 1677 aliis
2685 1637 2798 1711 ex-

184 1765 255 1846 11}
282 1755 427 1831 m»
551 1708 833 1866 ἓξὲξ.
851 1696 2292 1867 033...iffiasssnzrffssssssafflomzuffifflffi
2335 1699 2595 1848 {3355
2631 1709 2799 1846 ..2³ss*ss

115 1885 164 1956 ‚l
203 1875 317 1961 §m
336 1849 498 1988 [1,ζὼ
556 1867 853 1953 Cumque
898 1878 1046 1931 eosv
1090 1875 1352 1965 propter
1395 1865 1518 1929 hoc
1548 1866 1914 1949 segnioresw
1958 1864 2042 1929 ad
2079 1865 2317 1930 bellum
2346 1864 2733 1930 reddidisset
2747 1879 2797 1948 ¹,

136 1974 158 1988 ⁴
553 1973 709 2016 mox
764 1972 958 2037 super
999 1972 1107 2015 eos
1126 1961 1157 2004 Y
1214 1971 1477 2014 mruens
1529 1971 1892 2035 magnaque
1935 1971 2046 2014 eos
2096 1957 2305 2036 strage
2361 1962 2797 2036 prosternens,

456 2097 467 2108 ,
554 2047 616 2101 et
642 2035 869 2099 Aionis
911 2043 1183 2098 mortem
1224 2033 1393 2098 ultus
1437 2042 1535 2098 est
1577 2042 1641 2097 et
1681 2033 1760 2098 de
1804 2032 1928 2098 illis
1972 2032 2206 2098 finibus
2251 2056 2360 2098 eos
2391 2035 2503 2120 qui
2545 2054 2798 2098 reman-

554 2131 766 2185 serant
806 2120 1019 2184 hostes
1062 2118 1133 2182 fu
1180 2141 1285 2182 am
1328 2127 1546 2204 petere
1591 2118 1818 2202 coegit.

434 2217 533 2272 (4⁷)
720 2205 826 2269 45.
897 2204 1105 2288 Igitur
1134 2141 1449 2265 {iothor-iz
1493 2223 1612 2265 rex
1654 2202 2091 2265 Romanorum
2134 2203 2420 2266 civitates
2463 2202 2546 2266 ab
2583 2201 2794 2266 urbea

555 2288 830 2353 Tusciae
874 2287 1198 2352 Lunensib
1242 2285 1576 2350 universas
1621 2307 1786 2371 quae
1843 2286 1910 2348 in
1966 2284 2150 2349 litore
2191 2286 2386 2350 maris
2445 2287 2604 2350 sitae
2644 2297 2799 2350 sunt

556 2395 759 2459 usque
803 2370 888 2434 ad
928 2372 1324 2435 Francorum
1369 2369 1529 2434 fines
1588 2391 1660 2433 ce
1710 2370 1778 2434 it.
1865 2369 2273 2454 Opitergium
2317 2391 2590 2457 quoque,
2637 2371 2800 2433 civi-

556 2467 750 2521 tatem
817 2456 981 2519 inter
1039 2454 1450 2518 Tarvisium⁰
1517 2462 1581 2517 et
1687 2453 1958 2519 oroiuli‘l
2037 2455 2331 2538 positam,
2391 2455 2534 2538 pari
2595 2453 2795 2519 modo

556 2540 953 2626 expugnavit
986 2547 1050 2602 et
1078 2537 1294 2603 diruit.
1382 2535 1552 2602 Cum
1593 2537 2155 2603 Ravennantibuse
2199 2539 2505 2606 Romanis
2553 2535 2796 2618 bellum

554 2625 752 2708 gessit
806 2622 889 2686 ad
932 2621 1200 2685 fluvium
1238 2619 1564 2686 Aemeliae
1578 2621 1600 2664 f
1657 2623 1831 2707 quod
1846 2634 1874 2676 8
1937 2619 2284 2688 Scultenna
2339 2622 2570 2708 dicitur
2580 2633 2627 2684 ³.
2718 2622 2799 2686 In

556 2784 604 2837 a)
634 2786 757 2835 posit
786 2787 824 2825 B
859 2787 909 2834 13
940 2785 1096 2834 posuit
1126 2784 1167 2823 A
1199 2780 1270 2833 *43
1302 2788 1458 2834 posset
1490 2784 1525 2825 0
1557 2785 1628 2829 4b,
1661 2786 1702 2824 D
1738 2787 1781 2826 2.
1815 2785 1837 2824 1
1871 2787 1909 2826 1.
1944 2787 1986 2826 2.
2022 2785 2063 2825 G
2095 2785 2152 2825 5a
2182 2797 2203 2824 e
2233 2797 2371 2836 corr-,3
2403 2790 2592 2836 possent
2623 2797 2644 2825 e
2669 2797 2797 2830 corr.

554 2847 596 2884 D
633 2847 675 2896 1,
705 2849 742 2883 et
772 2845 836 2882 ita
860 2845 1058 2893 plerique
1089 2844 1156 2892 D;
1188 2844 1369 2893 possint
1397 2844 1434 2882 F
1463 2842 1512 2887 5.
1628 2842 1677 2895 b)
1709 2845 1785 2883 hoc
1815 2855 1910 2894 cap.
1944 2856 2024 2884 om.
2054 2844 2096 2884 A
2127 2841 2202 2893 *43
2232 2845 2356 2884 nulla
2387 2846 2540 2894 capitis
2568 2845 2794 2884 distinctio

554 2905 597 2944 D
631 2906 674 2944 2.
708 2904 749 2944 3.
874 2901 916 2954 c)
949 2904 1092 2950 igitur
1121 2902 1163 2942 A
1195 2903 1248 2952 33
1282 2906 1436 2942 autem
1465 2903 1510 2941 D
1545 2903 1585 2941 2.
1620 2903 1663 2943 3.
1798 2901 1845 2954 d)
1877 2905 1941 2942 ita
1971 2905 2046 2944 hoc
2077 2904 2168 2942 loco
2199 2903 2241 2942 A
2274 2906 2312 2946 1.
2345 2905 2386 2944 2.
2417 2907 2460 2944 4.
2491 2906 2530 2944 E
2565 2907 2621 2954 13
2651 2905 2796 2945 Athis

554 2965 595 3002 D
632 2965 681 3012 13
711 2962 875 3002 Archis
906 2974 1020 3001 corr.
1051 2961 1235 3002 Arichis
1268 2961 1303 3003 C
1338 2964 1390 3010 13
1438 2960 1596 3009 Arigis
1630 2961 1671 3002 G
1701 2961 1752 3010 33
1799 2961 1982 3002 Arichis
2012 2964 2150 3004 ceteri.
2289 2962 2332 3015 e)
2367 2965 2570 3013 quinque
2606 2963 2655 3004 0.
2690 2964 2736 3003 D
2772 2966 2796 3003 1

556 3022 691 3076 (corr.
724 3019 1107 3072 quinquaginta);
1140 3021 1449 3070 quadraginta
1476 3021 1515 3059 F·
1549 3022 1619 3060 la.
1654 3019 1694 3059 G
1727 3021 1766 3059 3.
1801 3023 1842 3060 4.
1961 3019 1998 3072 f)
2034 3022 2089 3065 A.
2118 3025 2273 3063 autem
2307 3021 2346 3063 G
2381 3023 2509 3063 1-4.
2633 3019 2680 3074 g)
2715 3034 2798 3062 no-

552 3093 651 3121 vum
694 3093 790 3131 cap.
836 3083 921 3121 inc.
954 3082 996 3121 D
1032 3083 1073 3122 2.
1106 3080 1147 3124 3.
1295 3077 1343 3131 h)
1377 3080 1487 3119 deest
1521 3079 1571 3121 C.
1603 3080 1669 3129 D;
1716 3079 1825 3119 item
1859 3079 1900 3120 G
1933 3082 1972 3119 2.
2121 3079 2156 3132 i)
2190 3091 2313 3122 anno
2343 3084 2383 3123 A
2416 3079 2478 3123 ⁸3.
2512 3084 2554 3124 3.
2587 3081 2629 3122 G
2660 3081 2735 3123 5⁸..
2757 3094 2797 3121 c.

554 3142 597 3181 Η
632 3144 684 3191 1;
733 3151 877 3181 unum
922 3141 1025 3182 add.
1056 3141 1095 3180 B
1132 3141 1201 3181 la.
1352 3137 1401 3190 k)
1433 3140 1806 3178 Beneventinum
1846 3139 1883 3177 F
1917 3141 1966 3189 1;
2011 3139 2392 3181 Beneventanum
2438 3140 2480 3179 A
2514 3143 2554 3180 2.
2587 3141 2629 3182 3.
2679 3140 2718 3180 C
2754 3142 2796 3183 1.

553 3201 594 3240 D
627 3203 668 3244 2.
700 3200 742 3239 3.
777 3199 818 3240 G
848 3199 916 3251 50,
947 3200 1040 3242 alii.
1190 3195 1225 3249 1)
1259 3198 1604 3238 multitudinem
1647 3197 1688 3237 G
1718 3198 1758 3237 3.
1911 3196 1975 3249 m)
2009 3199 2118 3238 dem
2151 3199 2200 3239 C.
2237 3199 2278 3240 G
2308 3201 2349 3252 3,
2392 3204 2494 3248 post
2524 3200 2625 3241 add.
2659 3200 2703 3238 D
2743 3201 2795 3249 13

551 3271 611 3299 ne
642 3271 757 3299 corr.
793 3269 886 3298 uon
919 3259 960 3300 G
993 3261 1034 3300 1.
1155 3254 1205 3309 n)
1239 3255 1493 3307 Sepontum
1524 3258 1562 3296 B
1599 3259 1646 3306 13
1693 3255 1887 3306 Sipanto
1917 3267 2032 3301 corr.
2065 3256 2258 3307 Siponto
2293 3258 2334 3299 G
2368 3260 2413 3308 23
2446 3258 2642 3308 siponto
2671 3258 2716 3297 D
2753 3259 2793 3298 2.

551 3316 598 3369 ο)
630 3320 887 3368 posuerunt
932 3339 985 3349 —
1020 3320 1172 3357 castra
1202 3317 1285 3355 des.
1316 3317 1353 3355 F
1388 3319 1427 3357 1.
1569 3311 1618 3365 p)
1651 3316 1760 3355 dem
1789 3314 1832 3354 A
1861 3315 1903 3356 3.
2040 3314 2088 3368 q)
2121 3321 2167 3356 et
2199 3316 2254 3358 G.
2285 3319 2374 3358 des.
2406 3316 2448 3357 G
2479 3318 2521 3356 2.
2660 3314 2700 3368 r)
2737 3317 2794 3356 ds

553 3377 699 3417 isdem
729 3377 765 3416 F
802 3378 852 3426 13
884 3375 938 3415 de
970 3376 1149 3415 hisdem
1181 3375 1215 3416 C
1247 3372 1310 3416 ’1.
1462 3373 1502 3426 s)
1536 3376 1647 3414 deest
1677 3373 1719 3412 A
1751 3375 1794 3416 3.
1941 3373 1976 3426 t)
2009 3376 2072 3414 ita
2102 3375 2144 3414 A
2177 3377 2219 3418 1.
2253 3377 2278 3416 3
2324 3377 2401 3416 hoc
2431 3377 2523 3416 loco
2555 3381 2592 3415 ee
2618 3380 2791 3425 postea.

550 3432 601 3485 u)
631 3436 838 3484 linguam
868 3435 904 3472 F
939 3436 980 3476 1.
1099 3432 1146 3484 v)
1180 3435 1289 3472 deest
1322 3433 1372 3473 C.
1405 3435 1462 3473 D.
1584 3432 1645 3485 w)
1677 3436 1884 3474 seniores
1915 3445 2027 3473 corr.
2060 3436 2257 3475 seriores
2286 3436 2323 3474 F
2356 3438 2394 3474 1.
2516 3433 2564 3486 x)
2593 3435 2797 3476 redisset

553 3494 596 3532 D
630 3496 671 3534 1.
702 3494 739 3532 F
774 3495 815 3532 1.
848 3493 889 3532 G
921 3495 961 3532 1.
996 3493 1038 3532 2.
1068 3493 1097 3530 4
1130 3492 1260 3545 (corr.
1308 3492 1502 3532 vidisset
1531 3494 1567 3532 F
1602 3494 1640 3531 1.
1674 3491 1715 3532 G
1749 3494 1788 3545 1,
1818 3504 1932 3531 corr.
1977 3494 2252 3535 reddidisset
2281 3495 2322 3534 D
2359 3497 2398 3534 1.
2434 3494 2477 3535 G
2509 3496 2550 3534 2.
2582 3492 2656 3546 3);
2688 3494 2790 3534 red-

555 3553 730 3592 dissent
761 3551 796 3592 C
831 3554 880 3601 13
910 3552 1139 3592 redissent
1171 3551 1205 3590 C
1241 3552 1281 3592 2.
1400 3550 1447 3603 y)
1481 3562 1522 3592 e.
1555 3553 1586 3590 i.
1621 3562 1679 3590 m.
1711 3552 1797 3592 des.
1831 3551 1873 3592 G
1904 3554 1946 3591 1.
1981 3553 2024 3592 2.
2148 3551 2190 3604 z)
2223 3554 2331 3593 deest
2361 3555 2400 3594 B
2436 3555 2476 3593 1.
2599 3551 2647 3606 a)
2679 3554 2791 3593 urbs

554 3613 592 3652 A
627 3613 665 3649 1.
700 3611 749 3659 33
781 3611 917 3650 urbes
948 3611 989 3650 A
1022 3613 1069 3660 2;
1115 3610 1240 3649 urbis
1270 3609 1313 3649 A
1344 3605 1405 3648 ’4.
1527 3607 1575 3660 b)
1607 3610 1834 3650 Lunensis
1865 3611 2072 3650 universi
2101 3611 2145 3650 A
2176 3613 2226 3661 23
2272 3613 2470 3653 Ninensi
2499 3611 2542 3650 A
2575 3612 2618 3653 3.
2655 3633 2709 3641 -
2744 3623 2789 3652 ιι.

554 3682 598 3718 q.
630 3669 715 3709 des.
750 3671 791 3708 D
826 3670 865 3708 3.
1019 3668 1061 3720 c)
1093 3669 1355 3708 Tarbisium
1389 3667 1430 3708 A
1462 3670 1514 3718 23
1547 3669 1830 3708 Tarvissium
1863 3669 1898 3709 Ο
1932 3671 1971 3711 1.
2125 3667 2170 3721 d)
2204 3672 2477 3711 Foroiulani
2509 3671 2550 3710 A
2584 3673 2625 3713 1.
2662 3671 2696 3711 C
2729 3667 2787 3710 ’1.

551 3729 577 3768 1
612 3729 661 3776 13
691 3728 981 3768 Foroiuliani
1014 3728 1048 3769 C
1084 3730 1121 3774 1,
1154 3739 1267 3767 corr.
1300 3728 1510 3767 Foroiuli
1541 3729 1581 3768 D
1617 3730 1664 3777 13
1697 3729 1925 3768 Foroiulii
1953 3730 1991 3768 B
2027 3731 2067 3769 1.
2102 3729 2194 3780 02,
2227 3731 2306 3770 alii
2317 3741 2329 3780 ς
2361 3730 2651 3769 Foroiulium
2681 3730 2786 3770 Dss.

554 3785 598 3840 e)
631 3788 695 3825 ita
725 3786 767 3825 A
801 3789 839 3828 1.
869 3788 909 3827 Ε
944 3789 983 3825 1.
1018 3785 1059 3826 G
1094 3788 1141 3836 2;
1187 3787 1533 3826 Ravennatibus
1578 3788 1614 3827 F
1647 3789 1690 3828 1.
1737 3787 1778 3827 G
1813 3789 1853 3838 1,
1899 3787 1990 3835 alii,
2022 3792 2069 3826 ut
2113 3800 2266 3838 supra.
2317 3811 2366 3820 —
2404 3793 2450 3829 et
2479 3790 2612 3829 Rom.
2643 3790 2698 3830 B.
2734 3789 2787 3830 C.

556 3845 597 3886 G
628 3845 695 3886 50.
731 3846 774 3884 H
808 3848 846 3885 1.
876 3846 899 3884 Ι
933 3847 973 3886 1.
1010 3845 1048 3884 2.
1168 3843 1204 3896 f)
1237 3847 1300 3884 ita
1331 3845 1373 3884 A
1394 3847 1439 3894 13
1470 3846 1670 3886 Emiliae
1701 3847 1794 3886 alii.
1915 3843 1960 3897 g)
1996 3849 2074 3895 qui
2105 3849 2142 3887 B
2165 3850 2236 3889 la.
2269 3848 2370 3890 Da.
2401 3849 2438 3887 F
2472 3845 2534 3888 ’2.
2569 3847 2610 3887 G
2643 3848 2714 3888 5⁸.
2737 3857 2787 3897 c;

554 3915 691 3954 quam
722 3905 765 3944 D
799 3902 891 3944 Ἔα.
942 3925 993 3932 -
1038 3903 1273 3944 Scultema
1306 3904 1340 3944 C
1372 3906 1458 3954 4b3
1506 3904 1769 3945 Scultentus
1813 3916 1927 3947 corr.
1975 3904 2215 3947 Sculteuta
2263 3906 2304 3947 G
2337 3909 2376 3959 1,
2408 3912 2446 3946 et
2477 3907 2542 3946 ita
2576 3906 2619 3947 G
2650 3906 2789 3956 6a.c;

552 3964 825 4014 Sculptenta
857 3962 897 4004 G
926 3963 979 4012 43
1014 3962 1248 4002 Stultenta
1281 3963 1322 4003 G
1354 3965 1401 4013 23
1436 3963 1667 4004 Cultenna
1696 3965 1752 4006 B.

560 4108 615 4175 1)
646 4107 682 4159 i.
722 4124 764 4160 e.
802 4107 1313 4159 Beneventanorum.
1501 4106 1560 4172 2)
1610 4106 1780 4158 Vicini
1834 4107 2020 4160 etenim
2056 4108 2262 4161 sclavis
2305 4109 2429 4161 olim
2465 4109 2526 4161 in
2560 4108 2784 4176 For-oju-

554 4181 708 4233 liensz'
763 4181 979 4244 ducatu,
1038 4181 1179 4231 unde
1235 4180 1594 4232 Beneventum
1649 4190 1900 4232 venerant
1956 4182 2275 4234 Badoaldus
2332 4192 2380 4235 et
2419 4182 2781 4244 Grimoaldus,

550 4255 787 4320 ipsorum
823 4255 1059 4324 linquam
1088 4251 1301 4320 abipsa
1329 4252 1535 4319 puerili
1572 4261 1742 4306 aetate
1765 4255 2011 4308 didicisse
2039 4265 2344 4322 potuerant.
2384 4258 2482 4310 131.
2575 4255 2636 4323 3)
2685 4255 2786 4307 Ta-

548 4345 687 4380 naro
725 4329 861 4379 inter
906 4328 1167 4379 Mutinam
1205 4336 1253 4379 et
1289 4327 1608 4378 Bononiam.
1686 4328 1798 4380 BE.

2977 2309 2979 2429 ἱ

2975 2623 2977 2747 Ν
