2984 4917
514 386 548 435 8
975 383 1196 435 PAULI
1234 382 1580 435 HISTORIA
1622 381 2295 436 LANGOBARDORUM.

689 550 978 617 Karolus
1007 573 1157 616 vero
1188 552 1403 615 virum
1435 551 1779 631 eruditum,
1824 550 2210 636 linquarum
2242 549 2547 634 plurium
2591 573 2760 637 qna-

519 658 701 718 rum,
768 637 1031 720 scriptis
1087 634 1417 714 celebrem,
1484 656 1697 699 secum
1762 636 2035 699 retinere
2092 636 2358 733 ejusque
2418 656 2619 719 opera
2682 636 2759 698 in

521 722 889 787 litterarum
941 719 1184 783 studiis
1247 718 1616 784 excolendis
1672 718 1953 802 aliisque
2015 719 2294 804 neqotiis
2329 717 2760 802 perficiendis

521 806 620 869 uti
663 802 984 888 cupiebat.
1077 802 1200 869 Cui
1242 805 1541 889 quamvis
1588 801 1987 888 aliquandiu
2029 802 2449 902 rqf'raqratus
2493 825 2623 868 esse
2666 803 2762 866 vi-

520 890 778 969 deatur,
809 888 998 952 cessit
1026 896 1261 967 tamen,
1293 888 1435 973 ejus
1466 887 1727 951 servitio
1760 908 1821 951 se
1848 886 2045 966 dedit,
2075 908 2266 950 immo
2278 884 2763 970 familiaritate

524 982 581 1037 et
641 993 856 1036 amore
913 972 1059 1057 reyi
1116 973 1503 1055 conjunctus
1562 979 1671 1033 est.
1761 971 1969 1033 Testes
2028 979 2180 1034 sunt
2238 971 2541 1035 carmina
2588 972 2765 1035 inter

523 1054 876 1135 Karolum,
919 1054 1107 1119 Petro
1151 1054 1400 1120 Pisano
1445 1054 1770 1118 calamum
1828 1054 2127 1133 ducente,
2170 1063 2229 1116 et
2270 1052 2555 1119 Paulum
2598 1076 2764 1119 com-

523 1148 808 1219 mutata,
861 1159 942 1201 ex
985 1138 1217 1225 quibus
1261 1139 1390 1203 duo
1436 1138 1553 1203 hoc
1594 1137 1732 1202 loco
1776 1146 2055 1221 repetere
2098 1138 2344 1201 iuvatl.

945 1258 1154 1323 Item
1193 1279 1485 1322 versus
1530 1256 1759 1320 Petri
1802 1257 2352 1340 grammatici.

609 1361 743 1425 Nos
788 1359 1077 1424 dicamus
1123 1358 1374 1425 Christo
1416 1358 1675 1423 laudem
1721 1356 2044 1423 Genitor-is
2088 1358 2299 1440 unico,

693 1443 917 1508 mundi
959 1442 1194 1529 legitur
1233 1440 1543 1507 librorum
1632 1442 1699 1505 ui
1744 1452 1993 1507 creator
2033 1443 2302 1527 paginis,

697 1529 874 1592 cuius
919 1527 1046 1592 fine
1090 1526 1368 1591 clemens
1411 1526 1590 1591 venit
1652 1525 1897 1591 iberare
1941 1525 2241 1610 perditos.

611 1632 782 1695 Ante
829 1627 1045 1694 secula
1088 1629 1199 1714 qui
1241 1639 1428 1694 natus
1472 1637 1739 1714 paterna
1783 1626 2155 1707 substantia,

695 1723 767 1777 ut
809 1712 1083 1777 salvaret
1125 1733 1284 1797 quos
1327 1712 1573 1775 creavit
1616 1732 1872 1775 carnem
1914 1718 2197 1774 nostram
2240 1708 2465 1793 induit,

698 1806 762 1861 et
801 1795 1152 1859 innumeris
1195 1794 1473 1859 ostendit
1512 1794 1816 1859 virtutem
1859 1792 2214 1875 miraculis3

612 1897 815 1982 Rupit
853 1905 1109 1979 tartara,
1155 1894 1396 1961 calcato
1441 1897 1736 1961 draconis
1778 1896 2069 1981 imperiO,

697 1982 878 2045 cuius
922 2002 1090 2044 mors
1133 1989 1445 2044 terrarum
1490 1977 1712 2044 orbem
1753 1978 2047 2044 vastabat
2086 1978 2346 2062 invidia,

694 2063 944 2129 vinctos
986 2062 1098 2127 diu
1140 2063 1445 2149 paradysi
1486 2062 1792 2149 perduxit
1832 2062 1916 2126 ad
1960 2062 2217 2149 gaudia.

615 2166 744 2247 Qui
786 2174 869 2248 te,
911 2162 1129 2247 Paule,
1171 2174 1507 2252 poetarum
1550 2175 1897 2252 vatumque
1941 2164 2400 2247 doctissimum,

695 2247 932 2335 linguis
975 2250 1169 2314 variis
1211 2249 1292 2314 ad.
1334 2260 1617 2315 nostram
1658 2248 2047 2335 lampantem
2137 2248 2487 2313 rovinciam

695 2334 887 2415 misit,
930 2342 1003 2396 ut
1042 2333 1274 2398 inertes
1319 2336 1484 2419 aptis
1528 2331 1832 2397 fecundes
1875 2333 2100 2396 semini
2149 2355 2243 2399 us.

615 2431 825 2498 Greca
869 2434 1144 2497 cerneris
1187 2434 1528 2513 Homerus,
1574 2434 1805 2499 Latina
1845 2432 2174 2519 Virgilius,

699 2516 766 2579 in
807 2514 1066 2581 Hebrea
1153 2539 1365 2602 uoque
1409 2516 1614 2598 Phi10‚
1659 2516 1981 2581 Tertullus
2023 2518 2090 2580 in
2134 2515 2396 2600 artibus,

697 2598 966 2663 Flaccus
1010 2620 1115 2663 cre
1164 2601 1287 2663 eris
1331 2602 1398 2663 in
1441 2602 1678 2683 metriS,
1723 2598 2015 2664 Tibullus
2060 2601 2333 2687 eloquiO.

613 2700 717 2764 Tu
756 2721 874 2765 nos
917 2710 1106 2785 gestu
1150 2700 1422 2765 docuisti
1465 2700 1903 2787 exemplorum
1949 2701 2227 2783 credere,

699 2784 872 2871 quod
914 2785 1151 2848 amoris
1192 2805 1347 2932 αὲτο
1390 2786 1594 2849 nostri
1635 2783 1955 2871 plantatus
1998 2786 2301 2851 radicitus

695 2869 988 2950 teneariS,
1031 2890 1151 2932 nec
1193 2889 1232 2930 a
1320 2870 1535 2954 prisca
1579 2890 1689 2934 cor
1732 2867 1930 2933 ducas
1971 2869 2255 2938 latibula.

615 2969 783 3036 Cum
824 2969 1238 3055 grammatice
1279 2967 1527 3034 Latinis
1568 2968 1914 3036 fecundare
1955 2970 2176 3035 rivulis

697 3074 827 3117 non
870 3073 1078 3118 cesses
1122 3062 1309 3118 nocte
1353 3052 1455 3118 die
1503 3075 1585 3118 ue
1630 3054 1943 3140 cupientis
1984 3050 2233 3119 viscera

697 3137 1103 3224 partiumque
1146 3137 1390 3201 ratione
1500 3159 1793 3202 recorum
1836 3137 1954 3203 sub
1998 3137 2236 3204 studio:

613 3238 797 3304 Haec
840 3261 956 3304 nos
999 3239 1151 3304 facit
1192 3238 1505 3304 firmiores
1550 3238 1841 3305 doctrina
1882 3239 2235 3317 laudabilis,

696 3332 910 3387 vestra
953 3324 1032 3387 de
1076 3324 1521 3421 permansione
1566 3345 1711 3421 qua·
1734 3323 1855 3387 fuit
1897 3323 2209 3421 dubietas,

699 3405 872 3491 quod
913 3415 976 3470 te
1019 3415 1202 3470 rest1s
1244 3415 1500 3471 nostrae
1544 3417 1744 3471 cmmt
1784 3428 1902 3471 nec
1948 3404 2208 3471 d1m1tt1t
2246 3405 2579 3472 anchorae.

497 3542 510 3557 ·
585 3506 960 3572 *Credimus
1050 3514 1148 3571 ost
1192 3505 1486 3590 Grecam,
1531 3506 1747 3571 multis
1792 3528 1985 3593 quam
2031 3507 2329 3591 ostendis,
2371 3508 2659 3595 regulam

699 3598 762 3654 te
805 3589 936 3652 iam
1027 3592 1182 3655 octis
1227 3592 1607 3655 traditurum
1650 3590 2055 3656 Hebreorum
2099 3590 2327 3674 studia,

701 3672 933 3758 quibus
977 3672 1080 3737 ille
1127 3672 1486 3738 Gamalihel
1528 3673 1751 3737 doctor
1791 3672 1952 3758 legis
1998 3673 2241 3739 claruit.

612 3772 882 3860 Magnas
923 3775 1040 3839 tibi
1083 3795 1200 3838 nos
1244 3794 1530 3859 agamUS,
1575 3774 1955 3857 venerande,
2006 3776 2263 3861 gratias,

701 3857 812 3943 qui
855 3858 1039 3944 cupis
1086 3856 1296 3922 Greco
1343 3863 1676 3941 susceptos
1721 3856 1971 3923 erudire
2014 3859 2287 3922 tramite.

701 3962 894 4026 quam
935 3962 1064 4005 non
1107 3950 1252 4005 ante
1297 3937 1734 4026 sperabamus,
1778 3962 1948 4005 nunc
1990 3943 2265 4006 surrexit
2307 3940 2529 4026 gloria.

613 4040 813 4105 Haud
853 4050 917 4106 te
958 4039 1131 4125 latet,
1178 4042 1351 4128 quod
1391 4040 1655 4106 iubente
1698 4041 1949 4109 Christo
1993 4054 2213 4108 nostra
2252 4040 2403 4125 filia,

698 4124 1010 4190 Michaele
1055 4128 1416 4208 comitante,
1460 4123 1679 4189 sollers
1722 4127 1915 4191 maris
1959 4127 2165 4213 spatia

700 4208 783 4271 ad
826 4210 1102 4273 tenenda
1143 4218 1396 4296 sceptra
1437 4210 1619 4293 regni
1660 4209 2001 4274 transitura
2043 4218 2363 4297 properat.

536 4330 594 4399 1)
631 4332 720 4385 Ex
759 4334 871 4387 cod.
911 4334 1092 4388 Paris.
1131 4335 1231 4389 Nr.
1275 4334 1400 4387 328.
1439 4334 1653 4401 Lebeuf
1681 4336 1861 4401 edidit,
1899 4337 2200 4390 Betkmawn
2236 4337 2423 4388 iterum
2462 4334 2762 4401 descripsit.
