2984 4917
449 408 670 459 PAULI
708 413 1063 466 HISTORIA
1100 413 1773 466 LANGOBARDORUM.
1849 414 1993 465 LIB.
2032 415 2129 465 VI.
2324 416 2435 465 23¹7

165 602 322 645 eum
391 579 504 677 qui
558 579 804 664 primus
865 581 925 645 ei
983 581 1260 645 occurrit
1316 580 1558 662 clava⁸,
1619 603 1813 667 quam
1870 602 2067 645 manu
2117 579 2429 665 gestabat,

159 673 554 749 percutlenS,
610 664 749 727 eius
793 665 990 727 vitam
1011 665 1040 707 ¹²
1085 664 1418 729 extincxit.

341 748 444 811 53.
535 744 725 812 Circa
778 747 937 811 haec
993 757 1286 835 tempora
1342 747 1611 813 Carolus
1714 748 1968 834 rinceps
2025 748 2424 813 Francorum

165 831 480 916 Pipinum
495 842 519 873 ‘²
565 852 754 895 suum
798 830 1003 895 filium
1045 832 1128 896 ad
1171 831 1646 917 Liutprandum
1720 832 1930 915 irexit,
1973 842 2045 896 ut
2075 832 2211 895 eius
2242 832 2427 896 iuxta

163 935 414 979 morem
460 935 540 977 ca
586 912 769 979 illum
825 917 1179 1001 susciperet
1192 917 1241 978 ⁴¹.
1330 915 1462 996 Qui
1514 917 1650 981 eius
1705 917 2053 981 caesariem
2111 915 2420 998 incidens,

166 999 228 1062 ei
269 1007 458 1083 pater
497 1020 533 1062 6
584 1007 761 1063 661118
805 1008 903 1063 681
956 998 1298 1086 multisque
1355 1023 1503 1065 eum
1522 1012 1546 1042 ⁰
1591 1000 1865 1067 ditatum
1917 1000 2114 1084 regiis
2130 1000 2154 1042 f
2206 1021 2426 1065 mune-

165 1082 354 1146 ribus
443 1082 672 1146 enitori
712 1083 976 1148 remisit.

428 1220 442 1233 .
528 1166 655 1231 Per
703 1165 874 1231 idem
933 1175 1186 1253 tempus
1240 1168 1739 1233 Sarracenorum
1794 1167 2113 1232 exercitus
2166 1190 2425 1231 rursum

163 1250 236 1312 in
280 1248 558 1313 Galliam
602 1251 940 1332 introiens,
999 1249 1265 1315 multam
1282 1264 1311 1306 8
1366 1251 1871 1316 devastationem
1925 1251 2093 1315 fecit.
2184 1251 2425 1317 Contra

166 1355 334 1432 quos
380 1331 650 1398 Carolus
692 1356 823 1398 non
863 1332 1050 1419 longe
1093 1356 1132 1397 a
1173 1334 1515 1400 Narbone¹¹
1559 1333 1799 1399 bellum
1841 1336 2264 1417 committens,
2311 1358 2421 1400 608
2442 1362 2544 1405 181.

166 1426 338 1481 816111
381 1428 443 1481 61
486 1418 666 1503 prius
709 1419 994 1482 maxima
1045 1418 1240 1483 caede
1298 1420 1643 1505 prostravit
1661 1431 1701 1482 ³.
1786 1420 2023 1483 Iterato
2083 1418 2423 1484 Sarraceni

167 1499 506 1565 Gallorum
559 1501 719 1565 fines
759 1503 1049 1587 ingressi,
1112 1524 1318 1588 usque
1361 1502 1446 1566 ad
1488 1503 1893 1567 Provinciam
1953 1503 2315 1582 venerunti,
2359 1512 2423 1568 et

165 1606 246 1647 ca
292 1596 361 1649 ta
387 1583 666 1667 Arelate,
697 1588 912 1650 omnia
954 1587 1455 1672 circumquaque
1500 1586 1785 1651 demoliti
1815 1595 1963 1650 sunt
1980 1598 2022 1649 ².
2088 1587 2271 1650 Tunc
2301 1584 2423 1650 Ca-

162 1607 342 1733 101118
384 1668 630 1754 legatos
669 1690 818 1745 cum
859 1668 1232 1735 muneribus
1261 1670 1346 1733 ad
1376 1668 1845 1757 Liutprandum
1873 1692 2095 1754 regem
2138 1672 2420 1753 mittens,

164 1754 250 1817 ab
311 1774 388 1817 eo
433 1763 656 1818 contra
699 1753 1083 1819 Sarracenos
1145 1754 1461 1818 auxilium
1506 1753 1829 1853 poposcit3
1890 1755 2045 1839 quik
2090 1754 2249 1818 nihil
2289 1777 2423 1819 mo-

163 1846 346 1901 ratus
392 1857 538 1900 cum
571 1838 745 1901 omni
772 1837 1346 1923 Langobardorum
1389 1840 1714 1904 exercitu¹
1742 1840 1812 1901 in
1841 1839 1979 1901 eius
2022 1839 2419 1904 adiutorium

162 1922 556 2019 properavit.
645 1920 791 2001 Quo
835 1930 1139 2005 conperto
1184 1944 1344 2007 gens
1390 1922 1893 1987 Sarracenorum
1935 1943 2090 1985 mox
2118 1921 2202 1986 ab
2244 1920 2416 1986 illism

162 2003 541 2089 reg-mnibus
585 2006 861 2091 aufugit3
917 2006 1069 2069 Liut
1116 2006 1354 2069 randus
1370 2019 1399 2047 ¹¹
1442 2027 1598 2071 vero
1656 2028 1805 2069 cum
1847 2006 2021 2069 omni
2076 2027 2192 2069 suo
2236 2029 2416 2070 exer-

163 2089 301 2152 citu
343 2087 426 2151 ad
467 2088 720 2153 Italiam
762 2089 968 2153 rediit.
1125 2088 1258 2153 ulta
1297 2089 1470 2154 idem
1506 2099 1809 2174 regnator
1838 2097 2057 2152 contra
2094 2088 2419 2153 Romanos

161 2170 336 2236 bella
371 2174 587 2257 gessit,
631 2173 700 2235 in
731 2174 964 2258 quibus
995 2194 1248 2259 semper
1275 2174 1482 2238 victor
1510 2173 1740 2255 extitit,
1784 2181 2077 2258 praeter⁰
2110 2172 2281 2257 quod
2324 2194 2420 2236 se-

161 2254 293 2319 mel
334 2257 402 2320 in
444 2254 736 2321 Arimino
781 2278 856 2321 eo
899 2257 1160 2321 absente
1203 2258 1341 2320 eius
1385 2257 1707 2322 exercitus
1751 2278 1976 2319 caesus
2019 2265 2133 2336 est,
2186 2265 2251 2320 et
2293 2254 2419 2320 alia

159 2340 329 2422 vice,
369 2360 517 2403 cum
576 2349 733 2426 aput
793 2341 1009 2404 vicum
1053 2339 1346 2422 Pilleum,
1401 2363 1553 2427 rege
1569 2352 1597 2394 Ρ
1657 2341 1726 2403 in
1782 2338 2158 2424 Pentapqu
2203 2338 2415 2405 demo-

162 2432 348 2488 rante
366 2472 382 2505 ,
439 2446 677 2509 magna
741 2422 1078 2489 multitudo
1143 2423 1372 2489 horum
1389 2436 1412 2465 ¹·
1491 2426 1603 2511 qui
1666 2426 1804 2507 regi
1865 2421 2247 2487 munuscula
2308 2422 2411 2488 vel

162 2508 399 2572 exenia
440 2505 546 2571 vel
587 2506 981 2594 singularum
1024 2507 1436 2573 ecclesiarum
1481 2507 1957 2583 benedictiones
1974 2518 1996 2548 ³
2027 2506 2415 2589 deferebant,

164 2615 204 2656 a
239 2592 546 2655 Romanis
599 2591 998 2656 inruentibus
1064 2613 1252 2657 caesa
1313 2590 1416 2657 vel
1481 2602 1673 2677 capta
1736 2601 1850 2655 est.
1952 2591 2197 2655 Rursus
2266 2612 2415 2655 cum

162 2676 545 2739 Ravennam
561 2680 580 2717 ῑ
603 2674 1084 2761 Hildeprandus
1098 2688 1145 2756 ¹¹,
1189 2677 1361 2762 regis
1390 2698 1595 2763 nepus
1608 2689 1657 2756 V,
1703 2685 1767 2740 61
1793 2674 2125 2740 Peredeow
2154 2675 2413 2741 *Vicen-
2435 2691 2452 2709 ·

162 2760 382 2823 1111118)ι
437 2758 571 2823 dux
623 2760 1000 2845 optinerent,
1054 2759 1452 2825 inruentibus
1514 2760 1724 2825 subito
1774 2760 2099 2824 Veneticis
2116 2808 2133 2842 ,
2195 2758 2417 2823 Hilde-

209 2841 454 2907 randus
485 2843 568 2908 ab
599 2844 691 2907 eis
721 2854 946 2930 captus
969 2852 1084 2924 est,
1111 2841 1398 2909 Peredeo
1412 2856 1444 2899 Y
1472 2842 1741 2909 viriliter
1769 2866 2065 2930 pugnans
2095 2843 2419 2908 occubuit.

248 2927 544 3012 sequenti
561 2938 586 2973 ⁸
638 2948 894 3013 quoque
940 2937 1067 2991 tem
1119 2948 1227 2991 ore
1271 2928 1564 3009 Romani,
1613 2927 1884 2992 elatione
1932 2926 2117 2992 solita
2158 2927 2418 3012 turgidi,

165 3013 543 3096 congregati
584 3009 1041 3092 universaliter,
1131 3012 1394 3075 abentes
1423 3012 1491 3074 in
1534 3012 1746 3108 capite
1788 3010 2195 3095 Agathonem
2224 3012 2417 3074 Peru-

164 3096 453 3159 sinorum
469 3106 493 3137 ²
553 3094 804 3176 ducem,
862 3104 1176 3160 venerunt
1232 3103 1342 3158 uta
1385 3094 1748 3158 Bononiam
1803 3092 2413 3179 conprehenderent,

166 3256 217 3309 a)
251 3258 433 3297 olavam
464 3258 507 3297 D
526 3259 578 3306 13
610 3257 744 3297 eleva
775 3268 866 3306 qua
894 3258 932 3296 1⁴*
950 3258 992 3298 1.
1112 3254 1160 3307 b)
1192 3258 1288 3297 vita
1316 3257 1354 3296 1?
1373 3258 1412 3296 1.
1433 3256 1476 3297 G
1493 3257 1535 3298 1.
1555 3256 1597 3297 2.
1720 3253 1763 3307 6)
1796 3256 2048 3305 Pippinum
2068 3255 2105 3294 F
2124 3256 2165 3295 1.
2184 3252 2224 3294 G
2245 3255 2285 3305 1,
2318 3254 2412 3293 alii.

165 3314 217 3367 d)
248 3318 294 3356 D
327 3318 352 3355 1
383 3317 431 3355 in
460 3327 598 3365 mara.
631 3317 902 3367 succideret,
933 3321 972 3355 et
1002 3316 1066 3355 ica
1097 3316 1177 3355 alii
1204 3315 1263 3355 D.
1292 3317 1332 3356 B
1364 3316 1406 3357 4.
1438 3316 1483 3355 Η
1517 3318 1567 3363 1;
1599 3314 1828 3355 incideret
1858 3314 1901 3355 G
1932 3315 2004 3356 δι.
2026 3325 2064 3365 6,
2096 3324 2118 3353 e
2146 3324 2265 3352 corr.
2297 3314 2335 3352 F
2370 3315 2415 3354 1.

164 3373 213 3426 e)
246 3376 359 3415 decet
389 3374 430 3413 A
463 3376 504 3415 3.
641 3372 676 3425 f)
710 3376 834 3423 regis
864 3376 902 3414 F
936 3376 978 3416 1.
1013 3375 1064 3416 G.
1095 3374 1234 3423 Neap.
1373 3372 1422 3425 g)
1454 3376 1601 3414 multa
1630 3374 1667 3413 F
1702 3376 1742 3413 1.
1777 3373 1819 3414 G
1852 3375 1893 3415 1.
1930 3375 1970 3414 2.
2008 3395 2061 3405 -
2094 3372 2415 3413 devastatione

165 3435 206 3474 F
237 3434 298 3474 1?
331 3432 374 3474 G
406 3435 448 3475 1.
484 3436 525 3477 2.
673 3433 721 3485 h)
753 3433 974 3474 Narbona
1018 3434 1062 3473 D
1095 3434 1134 3473 3.
1169 3432 1210 3473 G
1241 3434 1284 3475 1.
1318 3434 1368 3482 83
1416 3434 1448 3474 l.
1480 3434 1531 3472 in
1563 3432 1738 3473 arbona
1770 3432 1812 3472 G
1840 3434 1885 3475 4.
2035 3430 2073 3484 i)
2102 3431 2327 3481 sequentia
2359 3452 2413 3461 —

163 3493 310 3533 vitam
340 3496 594 3533 servantes.
654 3493 746 3541 Qui
778 3492 833 3534 G.
867 3493 974 3533 dum
1005 3492 1156 3532 adhuc
1183 3496 1375 3542 propter
1406 3491 1460 3545 (c.
1495 3490 1571 3543 55)
1599 3493 1684 3531 des.
1715 3492 1753 3531 B
1790 3492 1832 3531 2.
1968 3490 2018 3542 k)
2051 3492 2133 3540 qui
2167 3512 2218 3520 —
2250 3500 2413 3540 prope-

165 3553 292 3591 ravit
321 3552 406 3595 aa.
436 3551 498 3595 D.
525 3552 565 3590 B
597 3551 640 3591 4.
761 3550 798 3601 1)
829 3552 1083 3592 exercitum
1113 3551 1151 3590 F
1175 3553 1214 3592 1.
1334 3549 1400 3602 m)
1433 3561 1493 3590 10.
1526 3550 1740 3591 amabilis
1771 3549 1814 3589 A
1834 3552 1874 3591 1.
1996 3548 2046 3601 n)
2078 3548 2413 3599 Liutprandum

163 3611 205 3651 P
240 3612 292 3659 13
323 3610 579 3660 Liutprand
611 3609 653 3650 G
687 3613 726 3650 1.
847 3608 894 3661 o)
928 3613 1116 3660 propter
1147 3610 1183 3648 F
1217 3612 1257 3649 1.
1293 3608 1334 3649 G
1366 3610 1497 3650 1—8.
1632 3606 1683 3659 p)
1718 3620 1873 3658 regem
1903 3609 1941 3648 F
1976 3610 2027 3658 13
2060 3618 2218 3657 regem
2252 3630 2305 3639 —
2338 3608 2418 3648 de-

161 3672 426 3709 morantem
461 3668 502 3709 G
535 3669 575 3707 1.
609 3669 650 3708 2.
803 3667 850 3720 q)
881 3669 1174 3718 Pentapolim
1205 3668 1248 3707 D
1284 3669 1328 3710 2.
1356 3670 1410 3709 Ε.
1441 3669 1492 3709 F.
1528 3666 1583 3709 G.
1614 3668 1659 3709 11
1692 3668 1730 3709 1.
1868 3665 1908 3718 r)
1943 3678 2074 3707 orum
2103 3669 2140 3707 F
2174 3668 2226 3717 13
2258 3676 2418 3709 eorum

166 3727 227 3769 G.
260 3728 286 3767 1
320 3729 360 3767 1.
393 3728 436 3768 2.
573 3725 612 3777 s)
645 3727 1015 3768 benedictionem
1047 3728 1088 3767 A
1122 3727 1189 3766 36.
1219 3727 1274 3766 F.
1309 3726 1375 3778 (ἒς
1406 3727 1529 3767 dona
1560 3725 1610 3767 G.
1640 3727 1698 3766 D.
1728 3727 1767 3767 B
1800 3728 1842 3767 4.
1978 3724 2013 3777 t)
2046 3727 2270 3767 Ravenna
2300 3725 2342 3766 A
2374 3726 2418 3769 ³.

161 3787 203 3827 P
237 3787 279 3825 1.
312 3786 355 3827 G
388 3787 517 3827 1-3.
668 3785 719 3838 11)
753 3787 1120 3837 childeprandus
1163 3784 1208 3824 A
1241 3786 1290 3835 83
1337 3785 1683 3827 lindebi-andus
1732 3784 1767 3825 C
1802 3788 1841 3828 1.
1886 3786 1929 3825 D
1964 3787 2008 3826 2.
2044 3784 2086 3826 G
2118 3787 2157 3827 2.
2188 3786 2213 3825 1
2246 3788 2287 3837 1,
2319 3785 2414 3825 alii.

164 3841 217 3895 v)
248 3845 316 3883 ita
362 3844 404 3885 A
437 3845 566 3885 1-3.
610 3844 648 3883 Ε·
681 3847 725 3887 1.
771 3844 813 3886 G
845 3847 886 3886 1.
919 3847 960 3886 2.
1109 3843 1172 3896 w)
1202 3844 1379 3885 Predeo
1424 3846 1462 3884 1⁴*
1497 3847 1539 3884 1.
1586 3842 1628 3884 G
1661 3845 1791 3884 1-8.
1937 3842 1988 3896 x)
2021 3845 2261 3885 vicentius
2291 3842 2333 3883 A
2365 3843 2435 3893 ὅς·

163 3904 477 3945 'vincentinus
508 3902 550 3943 A
581 3904 622 3944 2.
656 3905 700 3944 D
733 3906 772 3946 2.
808 3905 862 3953 33
892 3904 1085 3947 vincius
1117 3903 1160 3943 G
1189 3903 1259 3944 56.
1394 3900 1444 3954 y)
1476 3902 1633 3960 desistit
1664 3902 1700 3943 G
1732 3904 1774 3945 8.
1910 3900 1954 3954 z)
1986 3904 2141 3945 Peroe.
2175 3903 2215 3943 G
2246 3903 2301 3951 Δις
2330 3903 2415 3942 Pe-

165 3963 409 4003 rusionum
443 3961 484 4003 G
518 3964 558 4002 1.
594 3963 634 4003 2.
756 3961 802 4015 a)
835 3963 910 4015 ad,
939 3974 1065 4003 erano
1098 3973 1259 4011 conpr.
1290 3960 1332 4002 G
1362 3962 1406 4003 2.

168 4094 232 4160 1)
273 4092 353 4159 (ff.
391 4092 556 4145 Εἶναί.
596 4096 732 4145 cont.
769 4111 813 4145 6.
851 4093 984 4155 109,·
1035 4092 1223 4145 Cho-on.
1263 4092 1448 4145 Μοὶεε.
1477 4110 1543 4159 p.
1585 4095 1707 4149 292.
1897 4092 1955 4160 2)
1994 4092 2197 4145 Franci
2231 4108 2411 4145 rerum

163 4168 448 4232 scriptores
486 4166 586 4218 Ῑιαο
623 4167 689 4217 cle
713 4183 770 4219 re
808 4166 946 4217 nihil
981 4166 1339 4227 tradiderunt,
1378 4183 1545 4233 quare
1582 4167 1806 4219 dubium
1830 4166 2058 4230 videtur,
2104 4183 2177 4217 απ
2217 4182 2407 4218 revera

161 4240 232 4291 de
267 4256 414 4291 nova
459 4238 884 4291 Sam-racemorum
931 4240 1234 4292 incursione
1288 4238 1630 4307 cogitandum
1678 4242 1761 4305 sit,
1818 4240 2016 4307 quippe
2052 4238 2148 4306 qui
2174 4256 2236 4309 ⁴a.
2280 4240 2384 4289 737

153 4311 495 4379 provinciam
544 4314 904 4365 Arelatmem
959 4318 1318 4379 occupassent.
1506 4312 1567 4380 3)
1604 4312 1955 4367 Praecedemi
1990 4311 2193 4379 potius,
2248 4319 2307 4363 ut
2345 4329 2412 4365 ex

169 4386 433 4438 mentione
468 4385 696 4439 Peredei
717 4393 889 4451 patet.
966 4387 1079 4437 BE.

2502 2724 2513 2737 .
2549 2694 2650 2737 184.
