2984 4917
513 375 581 424 38
975 373 1199 427 PAULI
1237 374 1587 427 HISTORIA
1625 372 2300 427 LANGOBARDORUM.

509 543 592 607 26
621 545 716 607 in.
748 542 843 623 II,
881 542 1044 607 1—4
1070 542 1232 607 med.
1277 540 1462 607 5-7.
1525 542 1651 621 III,
1703 540 1800 606 12.
1847 541 1945 606 13.
1979 541 2077 606 15.
2113 542 2209 605 17.
2241 543 2343 608 23.
2373 543 2474 609 24.
2507 542 2608 609 26.
2653 542 2758 607 29.

507 626 626 709 IV,
671 627 732 689 5.
778 626 837 689 6.
883 626 942 694 8.
992 625 1090 690 17.
1134 626 1238 689 26.
1281 624 1380 689 33.
1429 624 1531 688 36.
1592 625 1656 705 V,
1701 625 1927 691 6-13,
1984 625 2082 707 VI,
2125 625 2187 689 4.
2229 626 2291 691 5.
2339 628 2603 690 11—14.
2648 626 2753 689 31.

507 709 610 775 32.
656 710 761 775 34.
807 710 907 775 36.
950 711 1054 774 40.
1109 708 1212 773 37.
1268 709 1371 773 42.
1432 708 1704 773 46—49.
1759 709 1860 773 53.
1920 710 2003 773 54
2054 713 2258 791 init.).
2322 709 2399 774 G.
2439 711 2525 774 H.
2570 710 2759 774 Pertz

511 795 667 859 haec
714 818 855 858 cum
903 794 1268 857 BIuratorii
1311 793 1589 857 editione
1634 791 1924 857 contulit.

677 876 815 964 (71)
864 876 925 941 G
953 875 1014 940 3.
1117 876 1771 942 Vindobonensis
1814 876 1939 941 Nr.
1970 876 2093 942 237
2126 878 2334 960 (Hist.
2359 877 2542 963 prof.
2572 878 2757 960 680),

507 962 765 1026 membr.
786 984 835 1025 s.
860 961 938 1026 X.
960 961 1022 1041 4,
1053 983 1197 1025 una
1224 982 1430 1025 manu
1455 970 1794 1041 exaratus,
1826 982 1995 1044 quae
2018 962 2116 1025 nil
2138 964 2279 1026 nisi
2299 961 2501 1026 Pauli
2520 962 2760 1027 librum

508 1046 795 1129 scripsit.
888 1042 1240 1129 Complura
1250 1043 1438 1129 folia
1467 1045 1853 1109 exciderunt
1884 1045 1991 1128 (V,
2021 1043 2185 1110 38—
2206 1044 2308 1126 VI,
2338 1046 2381 1109 6
2396 1068 2420 1128 ,·
2475 1045 2575 1126 VI,
2606 1046 2760 1126 34),

509 1128 653 1193 alia
708 1130 903 1194 initio
964 1138 1021 1193 et
1060 1127 1204 1210 fine
1233 1130 1385 1214 jam
1427 1150 1478 1191 s.
1524 1127 1673 1193 XII.
1738 1129 1899 1193 adeo
1944 1129 2327 1194 humiditate
2382 1138 2578 1194 erant
2622 1151 2763 1194 cor-

506 1221 743 1297 rupta,
805 1222 877 1276 ut
932 1214 1050 1296 qui
1101 1222 1254 1276 tunc
1314 1213 1515 1297 hujus
1572 1212 1728 1277 libri
1778 1212 2137 1297 exemplum
2175 1210 2482 1296 faciebat
2522 1234 2602 1277 ea
2644 1214 2764 1278 vix

505 1295 714 1382 leqere
753 1304 993 1381 posset.
1094 1296 1440 1360 Verborum
1474 1294 1745 1380 formas
1798 1298 1964 1360 satis
2021 1298 2219 1360 rudes
2321 1295 2620 1381 lerasque
2678 1319 2764 1361 ea·

507 1383 850 1445 vetustiore
901 1378 1068 1444 libro
1126 1390 1420 1465 receptas
1469 1401 1641 1461 esse,
1706 1388 2085 1465 comparato
2144 1402 2215 1445 co
2265 1404 2360 1444 ice
2416 1378 2479 1443 G
2505 1380 2549 1443 4
2606 1380 2764 1444 huic

511 1462 840 1548 affinitate
878 1465 1224 1548 conjuncto
1269 1465 1609 1546 docemur;
1658 1462 1801 1528 alia
1828 1473 2043 1529 tamen
2075 1472 2133 1528 et
2158 1465 2303 1549 ipse
2334 1466 2763 1528 amanuensis

499 1570 812 1635 peccasse
860 1548 1135 1614 videtur.
1236 1548 1320 1611 In
1379 1548 1615 1631 quibus
1674 1548 2101 1613 emendandis
2151 1557 2381 1632 postea
2438 1556 2766 1613 corrector

510 1631 877 1695 desudavit.
1002 1630 1296 1697 Codicem
1369 1632 1488 1696 sub
1569 1633 1893 1716 auspiciis
1961 1632 2203 1696 Pertzii
2269 1631 2545 1696 Pirsner
2614 1654 2765 1696 cum

509 1714 704 1779 editis
777 1712 1066 1795 contulit,
1130 1714 1503 1779 Bethmann
1561 1715 1685 1779 hac
1742 1737 1944 1798 opera
1986 1739 2148 1780 usus
2174 1716 2337 1801 fuse
2392 1715 2763 1800 descripsit,

510 1799 710 1863 Arch.
772 1798 911 1880 VII,
945 1821 1021 1882 p.
1066 1797 1192 1862 275
1235 1820 1391 1883 sqq.,
1434 1800 1819 1863 sententiam
1863 1822 2013 1863 vero
2059 1800 2137 1864 de
2180 1801 2327 1885 ipso
2386 1809 2541 1863 tunc
2594 1821 2763 1883 pro-

509 1882 716 1948 latam
763 1892 1002 1967 postea
1045 1904 1334 1967 prorsus
1383 1884 1610 1968 rejecit
1658 1905 1925 1967 eumque
1983 1883 2101 1947 hoc
2143 1882 2279 1947 loco
2334 1905 2468 1947 esse
2565 1904 2763 1947 onen-

507 1968 666 2031 dum
692 1966 1030 2031 intellexit.
1095 1966 1486 2067 Scripturae
1517 1968 1841 2052 specimen
1873 1967 2021 2030 vide
2050 1967 2124 2030 in
2153 1966 2283 2031 tab.
2314 1966 2432 2033 IV.
2456 1990 2488 2030 e
2540 2014 2553 2029 .
2598 1968 2763 2052 maj.

683 2050 822 2139 (72)
870 2048 1057 2115 6¹3⁸.
1159 2050 1805 2115 Vindobonensis
1860 2051 1986 2114 Nr.
2030 2050 2156 2115 406
2200 2050 2383 2133 (Jur.
2440 2051 2561 2115 civ.
2618 2052 2706 2115 64
2742 2100 2764 2131 ,

513 2135 664 2199 olim
719 2134 1138 2199 Gotwicensis
1154 2183 1174 2215 ,
1246 2134 1503 2199 membr.
1562 2157 1613 2197 s.
1666 2134 1817 2198 XII.
1862 2134 2013 2219 fol„
2072 2135 2148 2197 in
2247 2157 2328 2198 uo
2388 2134 2765 2199 Historiam

513 2218 662 2283 Lan
665 2219 1107 2305 qobardorum
1128 2218 1265 2281 Lex
1285 2219 1817 2304 Bajuvariorum
1834 2218 2203 2301 antecedit(
2264 2218 2333 2284 L.
2351 2218 2482 2299 III,
2486 2240 2560 2302 p.
2579 2218 2763 2299 188).

509 2302 774 2367 Desinit
813 2303 914 2384 VI,
945 2304 1049 2383 44,
1079 2304 1299 2367 scriba
1329 2302 1719 2366 adnotante:
1766 2301 1945 2366 deest
1970 2300 2260 2365 multum.
2325 2302 2598 2366 Praeter
2630 2299 2695 2365 G
2725 2302 2769 2365 3

511 2408 1005 2470 nonnumquam
1058 2386 1261 2451 codem
1319 2386 1551 2450 classis
1600 2384 1658 2450 C'
1689 2384 1787 2449 vel
1814 2385 1884 2448 D
1930 2378 2262 2451 adhibitus
2302 2407 2435 2448 esse
2479 2385 2766 2449 videtur.

512 2469 736 2556 Hujus
823 2492 1029 2616 quque
1073 2468 1373 2534 lectiones
1420 2472 1703 2535 enotavit
1746 2469 2037 2533 Pirsner.

679 2491 820 2640 (733
956 2552 1016 2616 4.
1117 2553 1181 2616 U
1191 2552 1407 2639 ltraj
1424 2554 1744 2617 ectinus
1788 2554 1913 2617 Nr.
1960 2552 2105 2633 287,
2153 2552 2304 2617 olim
2353 2551 2761 2635 Campensis,

508 2637 765 2702 membr.
803 2634 936 2720 fol.
979 2638 1138 2700 min.
1185 2658 1234 2700 s.
1276 2636 1355 2699 X.
1399 2636 1497 2699 vel
1551 2636 1668 2699 XI.
1709 2638 1826 2716 in.,
1879 2638 2161 2723 payinis
2218 2636 2553 2721 bipartitis
2607 2638 2764 2701 niti-

513 2721 777 2785 dissime
815 2730 1152 2784 eaearatus.
1219 2719 1668 2785 Amanuensis
1712 2743 1880 2807 quae
1923 2729 2238 2804 corrupta
2267 2719 2627 2805 judicabat
2663 2720 2766 2785 vel

509 2805 730 2867 minus
759 2802 1156 2890 intelliqebat
1182 2804 1257 2869 in
1281 2806 1583 2892 maryine
1608 2805 1953 2870 annotavit
1974 2806 2201 2891 (siqno
2223 2807 2317 2868 ΤΙ-
2342 2835 2424 2860 --
2446 2803 2766 2889 require),

510 2910 1005 2973 nonnumquam
1059 2912 1090 2952 s
1142 2891 1348 2955 atium
1390 2911 1673 2953 vacuum
1729 2888 2013 2973 reliquit,
2067 2897 2341 2953 ceterum
2400 2886 2765 2971 eoeemplar,

556 2993 638 3036 uo
685 2994 842 3035 usus
885 2981 995 3053 est,
1131 2970 1172 3033 3
1216 2972 1444 3055 simile,
1488 2975 1653 3036 satis
1680 2972 1971 3055 fideliter
2012 2974 2409 3056 eoepressisse
2461 2972 2728 3035 videtur
2735 2994 2762 3053 ;

550 3055 602 3137 I,
646 3055 724 3118 18
743 3055 911 3119 —20.
956 3057 1207 3137 desunt,
1252 3056 1501 3121 lacuna
1544 3079 1678 3120 non
1720 3056 2044 3120 indicata.
2109 3055 2435 3121 Lectionis
2461 3056 2765 3119 'varietas

511 3138 824 3205 Leibnitii
873 3163 1078 3204 manu
1133 3142 1388 3225 scripta
1439 3142 1615 3204 inter
1669 3140 1942 3204 schedas
1993 3141 2211 3224 ipsius
2262 3141 2337 3204 in
2381 3138 2766 3205 bibliotheca

511 3226 702 3310 reyia
733 3224 1235 3289 Hannoverana
1279 3232 1511 3304 exstat,
1558 3220 1829 3287 alteram
1875 3246 1919 3287 a
1946 3222 2340 3288 Schmu'ckin
2392 3226 2453 3288 io
2482 3223 2559 3287 in
2588 3246 2764 3287 mar-

511 3310 663 3392 qine
693 3308 1000 3373 editionis
1028 3308 1491 3372 E'lzevirianae
1534 3316 1863 3391 enotatam
1897 3306 2277 3372 bibliotheca
2310 3246 2764 3392 quttinqensis

513 3400 730 3454 servat
783 3390 904 3476 (cf.
960 3389 1158 3456 Arch.
1218 3391 1354 3472 VH,
1396 3414 1471 3475 p.
1526 3390 1709 3472 284).
1796 3390 1924 3453 His
1984 3412 2117 3455 non
2175 3400 2507 3456 contentus
2566 3390 2763 3454 Beth-

509 3496 715 3538 mann
780 3475 994 3539 denuo
1061 3475 1379 3556 codicem,
1444 3484 1601 3538 tunc
1663 3476 1899 3560 maqni
1940 3474 2210 3558 factum
2275 3475 2508 3559 (Arch.
2584 3474 2762 3556 VIII,

499 3580 576 3641 p.
623 3556 763 3637 31),
809 3560 1299 3623 accuratissime
1341 3558 1837 3623 eoescribendum
1878 3562 2155 3624 ewravit.
2288 3638 2291 3641 ἦ

686 3639 988 3727 Quinque
1031 3644 1150 3726 qui
1185 3651 1549 3728 sequuntur
1577 3643 1778 3730 hujus
1806 3642 2037 3707 classis
2068 3643 2320 3707 codices
2349 3645 2449 3707 ita
2476 3643 2650 3705 inter
2692 3664 2757 3706 se

512 3728 923 3806 conveniunt,
953 3734 1044 3807 ut,
1075 3750 1220 3790 cum
1252 3724 1416 3791 alter
1446 3726 1539 3790 ad
1568 3727 1844 3791 alterum
1872 3726 2113 3874 offerri
2142 3735 2441 3811 nequeat,
2478 3747 2559 3789 eae
2590 3747 2757 3790 com-

509 3810 698 3873 muni
733 3807 929 3893 fonte
983 3832 1088 3874 eos
1143 3810 1411 3875 haustos
1453 3832 1585 3874 esse
1640 3820 1897 3874 statuen
1948 3833 2055 3875 um
2110 3813 2216 3876 sit.
2301 3810 2385 3874 Id
2425 3830 2762 3874 commune

511 3892 767 3973 habent,
812 3893 987 3978 quod
1029 3895 1255 3959 ceteris
1299 3894 1569 3959 liberius
1598 3894 1800 3959 Pauli
1842 3894 2040 3958 verba
2068 3894 2373 3975 reddunt,
2420 3894 2512 3958 ad
2539 3915 2762 3979 yram-

509 3978 786 4041 maticae
843 3975 1110 4063 requlas
1169 4001 1248 4041 ea
1303 3981 1653 4063 castiqant,
1706 4000 2220 4062 nonnumquam,
2279 3986 2351 4041 ut
2404 3999 2763 4042 sermonem

506 4062 1060 4145 perspicaciorem
1104 4061 1636 4148 eleqantioremve
1670 4062 1973 4141 reddant,
2007 4062 2335 4148 quaedam
2376 4070 2632 4126 mutant
2659 4060 2763 4125 vel

514 4144 790 4208 addunt.
883 4143 1071 4218 Quod
1114 4147 1268 4231 jam
1321 4146 1531 4209 medio
1587 4143 1846 4211 saeculo
1892 4144 2004 4209 IX.
2040 4146 2309 4232 factum
2352 4147 2433 4209 sit
2491 4154 2760 4229 oportet,

512 4250 656 4293 cum
700 4226 993 4313 exempla
1025 4229 1154 4293 duo
1202 4230 1296 4293 ad
1340 4230 1509 4293 hanc
1554 4252 1758 4315 usque
1804 4238 2073 4294 aetatem
2104 4230 2487 4310 ascendant,
2530 4230 2604 4291 in
2636 4228 2763 4292 Lo-

510 4312 876 4398 tharinqia,
923 4322 994 4377 ut
1021 4313 1299 4393 videtur,
1347 4334 1470 4397 quo
1516 4312 1638 4377 illa
1670 4315 2006 4398 pertinent
2049 4324 2105 4377 et
2148 4314 2261 4378 ubi
2288 4314 2547 4399 Reqino
2593 4313 2766 4398 ejus-
