2984 4917
547 363 657 413 280
847 358 1068 411 PAULI
1107 356 1454 410 HISTORIA
1492 356 2162 409 LANGOBARDORUM.
2236 358 2381 409 LIB.
2423 359 2523 409 VI.

549 528 813 595 Rothari
855 548 1006 590 cum
1037 547 1106 589 se
1149 524 1476 590 detectum
1521 525 1945 610 cognovisset,
1988 524 2205 589 statim
2234 534 2385 611 post
2412 548 2481 589 se
2527 524 2805 591 exiliens

549 612 844 700 spatham
915 609 1299 696 evaginavit,
1372 619 1443 674 ut
1459 617 1485 649 ¹¹
1559 630 1777 707 regem
1842 617 2223 693 percuteret.
2330 608 2620 674 Econtra
2680 630 2807 675 rex

549 697 779 763 suumb
825 716 1042 761 ensem
1093 695 1367 778 vagina⁰
1435 704 1694 757 exemit.
1780 693 1967 756 Tunc
2020 715 2187 757 unus
2231 717 2268 759 e
2318 716 2389 757 re
2438 694 2555 757 '‘s‘¹
2613 692 2806 758 satel-

547 780 767 846 litibus
812 778 1068 843 nomine
1112 776 1290 841 Subo
1307 787 1334 818 θ
1379 775 1649 840 Rothari
1691 798 1731 840 a
1772 787 1953 861 tergo
2000 777 2369 862 conprehen
2415 800 2546 857 ens,
2591 777 2675 842 ab
2727 798 2805 842 eo

547 866 615 929 in
655 864 864 929 fronte
907 860 1276 926 vulneratus
1321 868 1435 923 est.
1537 859 1745 945 Super
1846 882 1995 925 uem
2040 860 2305 926 Rothari
2350 871 2413 927 et
2454 859 2562 924 alii
2605 860 2806 925 insili-

549 958 746 1028 entes,
791 968 940 1010 eum
984 944 1224 1009 ibidem
1271 943 1644 1008 occiderunt
1659 944 1699 1007 f.
1788 882 2107 1025 Quattuor
2134 968 2291 1011 vero
2322 948 2459 1011 eius
2503 943 2639 1026 filii,
2688 946 2807 1031 qui

545 1053 676 1096 non
703 1030 987 1111 aderant,
1031 1026 1145 1091 ubi
1187 1028 1449 1107 inventi,
1492 1027 1585 1091 ibi
1630 1038 1737 1093 etg
1778 1030 2096 1127 perempti
2140 1039 2305 1094 sunt.
2391 1030 2544 1094 Fuit
2580 1038 2805 1092 autem

545 1116 710 1180 rex*¹
753 1111 1114 1211 Liutprand
1156 1112 1260 1175 vir
1299 1110 1539 1177 multae
1582 1110 1893 1181 audaciae
1958 1113 2049 1176 ita
2092 1122 2182 1195 ut,
2239 1135 2389 1177 cum
2432 1113 2609 1176 eumi
2668 1110 2805 1177 duo

547 1198 850 1283 armigeri
878 1218 1016 1261 elus
1047 1194 1340 1261 occidere
1369 1195 1744 1280 cogitarent,
1786 1205 1849 1260 et
1890 1160 2013 1261 hoc
2057 1197 2117 1260 ei
2134 1198 2165 1239 Β
2207 1195 2526 1283 perlatum
2554 1195 2804 1277 fuisset,

547 1283 616 1345 in
675 1280 1242 1367 profundissimam
1305 1277 1535 1343 silvam
1601 1301 1749 1343 cum
1804 1281 1895 1345 eis
1962 1280 2135 1345 solus
2191 1282 2519 1364 ingressus
2534 1280 2571 1360 ¹,
2642 1300 2807 1343 mox

547 1366 957 1463 evaginatum
1019 1361 1305 1448 gladium
1369 1372 1593 1428 contra
1636 1386 1744 1428 eos
1799 1373 2041 1445 tenens,
2106 1362 2380 1442 eisdem,
2448 1365 2601 1449 quia
2650 1383 2806 1427 eum

552 1449 889 1515 occ1derem
935 1449 1378 1533 cogitaverunt
1393 1460 1441 1529 ¹¹,
1485 1449 1927 1546 inproperavit
1944 1473 1957 1487 ·
2005 1448 2180 1534 quod
2210 1459 2282 1513 ut
2322 1448 2571 1513 facere⁰
2604 1446 2804 1512 debe-

549 1543 710 1617 rent,
752 1531 1040 1597 hortatus
1071 1540 1184 1595 est.
1257 1530 1388 1611 Qui
1419 1540 1634 1596 statim
1660 1532 1801 1596 eius
1845 1498 2121 1619 pedibus
2162 1530 2503 1617 provoluti,
2546 1532 2608 1597 ei
2652 1541 2809 1595 sunt

549 1639 717 1703 quae
759 1614 1280 1679 machinaverant
1295 1626 1323 1669 Ρ
1368 1625 1599 1680 cuncta
1654 1615 1946 1701 professi.
2047 1616 2135 1679 Et
2151 1629 2180 1670 (Ι
2239 1614 2318 1679 de
2358 1614 2499 1679 aliis
2544 1636 2809 1713 quoque

549 1700 675 1765 hoc
717 1698 1007 1764 similiter
1046 1698 1266 1781 fecit1'3
1312 1698 1427 1763 sed
1469 1708 1687 1764 tamen
1729 1700 2037 1765 confessis
2066 1721 2221 1763 mox
2262 1708 2477 1763 tantae
2519 1697 2807 1764 malitiae

547 1783 840 1871 culpam⁸
885 1784 1194 1869 pepercit.

431 1873 530 1913 '¹⁰⁶-
717 1866 822 1932 39.
906 1865 1231 1931 Defuncto
1285 1867 1506 1952 itaque
1552 1866 1803 1933 Grisulfo
1846 1868 2300 1933 Beneventano
2317 1870 2336 1908 ⁸
2376 1866 2574 1948 duce,
2624 1865 2810 1931 Sam-

550 1952 757 2015 nitum
827 1972 912 2036 po
962 1949 1141 2013 ulum
1195 1949 1538 2033 Romuald,
1597 1953 1733 2015 eius
1785 1951 1973 2034 filius,
2027 1950 2430 2036 regendumu
2498 1954 2807 2037 suscepit.

717 2036 822 2100 40.
969 2035 1102 2098 irca
1143 2032 1304 2097 haec
1348 2045 1638 2119 tempora
1670 2037 2014 2118 Petronax‚
2058 2035 2255 2099 civisV
2295 2035 2658 2099 Brexianae
2704 2057 2812 2097 ur-

550 2119 672 2201 bis,
715 2118 933 2183 divino
979 2139 1195 2183 amore
1239 2129 1659 2203 conpunctus,
1701 2120 1975 2184 Romam
2009 2120 2186 2183 venit
2218 2119 2605 2204 hortatuque
2648 2127 2810 2181 tunc

527 2202 853 2288 .Gregorii
904 2199 1295 2287 apostolicae
1350 2202 1517 2266 sedis
1575 2225 1784 2289 papae
1840 2203 2067 2268 huncw
2123 2203 2463 2268 Cassinum
2520 2211 2813 2265 castrum

548 2287 750 2373 petiit,
810 2296 1046 2385 atque¹
1103 2284 1188 2349 ad
1231 2306 1484 2349 sacrum
1530 2308 1766 2385 corpus
1816 2287 1992 2352 beati
2031 2285 2369 2352 Benedicti
2422 2286 2623 2373 patris
2662 2308 2811 2371 per-

550 2371 847 2451 veniens,
903 2369 996 2434 1bi
1048 2391 1198 2433 cum
1241 2367 1566 2455 aliquibus
1610 2368 2009 2458 simplicibus
2051 2372 2206 2436 viris
2224 2382 2256 2425 Y
2298 2371 2429 2434 iam
2471 2380 2619 2434 ante
2653 2371 2811 2435 resi-

551 2453 850 2519 dentibus
914 2451 1202 2518 habitare
1253 2455 1482 2539 coepit.
1586 2456 1714 2535 Qui
1780 2455 2055 2520 eundem
2105 2453 2539 2519 venerabilem
2587 2454 2809 2518 virum

547 2538 972 2602 Petronacem
1017 2537 1139 2602 sibi
1181 2538 1497 2601 seniorem
1540 2548 1914 2604 statuerunt.
1998 2540 2125 2603 Hic
2165 2561 2297 2603 non
2338 2547 2485 2625 post
2527 2536 2805 2603 multum

551 2632 835 2719 tempus,
914 2631 1297 2706 cooperante
1374 2621 1593 2687 divina
1662 2623 2101 2687 misericordia
2170 2632 2235 2688 et
2304 2622 2809 2708 suffragantibus

551 2704 796 2767 meritis
849 2703 1023 2768 beati
1070 2704 1404 2769 Benedicti
1453 2708 1675 2791 patris,
1725 2709 1982 2792 iamque
2032 2705 2303 2772 evolutis
2361 2706 2494 2771 fere
2547 2716 2811 2771 centum

552 2795 617 2851 et
679 2785 902 2851 decem
960 2788 1169 2869 annis,
1236 2810 1319 2851 ex
1377 2810 1507 2874 quo
1552 2788 1749 2855 ‘locus
1813 2789 1919 2856 ille
1978 2790 2370 2855 habitatione
2388 2802 2412 2833 ²
2470 2788 2810 2854 hominum

552 2869 894 2935 destitutus
939 2880 1099 2952 erat,
1154 2870 1500 2936 multorum
1545 2875 1636 2939 ibi
1678 2874 2155 2958 monachorum,
2210 2873 2525 2941 nobilium
2568 2883 2635 2939 et
2675 2896 2810 2939 me-

552 2954 887 3036 diocrium,
942 2954 1025 3018 ad
1081 2976 1150 3018 se
1209 2960 1724 3022 concurrentium
1780 2968 1963 3045 pater
2020 2958 2303 3041 effectus,
2362 2958 2483 3023 sub
2544 2970 2811 3024 sanctae

550 3037 811 3124 regulae
855 3040 1117 3125 iugum¹¹
1150 3049 1213 3104 et
1240 3038 1414 3105 beati
1442 3041 1783 3107 Benedicti
1826 3043 2239 3123 institutione,
2282 3066 2351 3107 re
2399 3043 2595 3107 aratis
2625 3041 2808 3108 habi-

328 3138 402 3192 ·p.
436 3143 535 3184 1⁷9.
552 3122 801 3207 tacuHS‚
842 3124 1060 3188 vivere
1105 3126 1318 3210 coepit
1357 3134 1553 3211 atque
1596 3126 1752 3190 *hoc
1796 3136 2090 3191 sanctum
2134 3149 2333 3192 coeno
2382 3127 2519 3190 ium
2559 3126 2632 3189 in
2685 3137 2813 3191 sta-

551 3216 691 3272 tum
707 3209 736 3250 ¹³
797 3229 925 3293 quo
983 3228 1157 3271 nunc
1221 3209 1505 3273 cernitur
1567 3211 1775 3276 erexit
1788 3224 1829 3276 ¹.
1945 3211 2120 3276 Huic
2137 3223 2163 3255 ⁰
2238 3208 2588 3276 venerabili
2668 3212 2812 3276 viro

552 3330 600 3383 a)
629 3336 681 3373 ut
715 3353 766 3362 —
801 3332 974 3372 exemit
1004 3332 1091 3377 des.
1125 3332 1167 3373 G
1197 3334 1266 3374 5c.
1388 3334 1436 3387 b)
1469 3346 1580 3376 suus
1610 3338 1648 3376 F
1682 3339 1724 3379 1.
1847 3337 1889 3390 c)
1922 3341 2143 3389 vaginam
2172 3338 2209 3378 F
2243 3339 2283 3380 1.
2320 3337 2361 3379 G
2395 3340 2436 3378 1.
2473 3334 2533 3377 2?
2656 3336 2704 3389 d)
2740 3348 2811 3379 re·

551 3393 622 3439 sis
652 3393 696 3431 A
727 3393 772 3432 3.
801 3393 846 3433 4.
878 3392 917 3431 B
957 3392 996 3432 2.
1029 3393 1068 3432 E
1103 3394 1142 3431 1.
1173 3391 1214 3432 G
1246 3394 1288 3433 3.
1320 3395 1364 3433 Η
1396 3393 1438 3436 5.
1471 3396 1492 3433 1
1527 3396 1575 3444 23
1622 3397 1778 3445 regius
1808 3408 1923 3437 corr.
1956 3400 2080 3447 regis
2113 3398 2153 3438 G
2184 3398 2227 3440 2.
2381 3396 2425 3448 e)
2459 3396 2556 3437 Sub
2588 3397 2631 3437 A.
2662 3396 2727 3439 ’8.
2764 3399 2807 3439 3.

549 3450 587 3488 F
623 3450 694 3494 sa.
726 3449 768 3491 G
799 3451 846 3491 8.
876 3450 919 3489 4.
1071 3450 1106 3501 f)
1139 3453 1497 3501 pei-occiderunt
1525 3455 1562 3494 F
1597 3456 1649 3504 13
1696 3457 1997 3506 prociderunt
2029 3458 2070 3498 G
2106 3458 2235 3499 1—4.
2387 3454 2434 3508 Β)
2466 3456 2645 3497 ibidem
2679 3455 2715 3497 C
2746 3459 2807 3505 ,13

549 3508 722 3547 ibidem
754 3512 800 3548 et
828 3509 853 3549 1
886 3510 928 3547 1.
1065 3508 1112 3559 h)
1148 3511 1256 3549 deest
1289 3511 1324 3552 G
1358 3513 1398 3551 1.
1537 3511 1571 3564 i)
1608 3524 1664 3553 eo
1694 3514 1731 3553 F
1765 3516 1837 3557 δι.
1872 3515 1914 3556 G
1946 3517 1988 3557 3.
2021 3517 2063 3559 4.
2214 3514 2263 3567 k)
2299 3519 2345 3556 et
2372 3516 2409 3554 F
2444 3516 2484 3557 1.
2519 3514 2561 3555 G
2596 3518 2638 3556 1.
2674 3516 2721 3563 85
2754 3519 2807 3555 ut

878 3570 894 3605 t
922 3566 962 3605 F
1024 3577 1066 3607 a.
1187 3568 1221 3620 l)
1256 3580 1469 3619 egressus
1503 3572 1555 3614 0.
1588 3573 1612 3611 I
1631 3574 1670 3613 1.
1792 3573 1857 3626 m)
1892 3576 2159 3616 occiderent
2188 3574 2225 3615 F
2245 3577 2283 3614 1.
2406 3573 2455 3625 n)
2490 3576 2805 3623 cogitaverint

847 3625 891 3664 D
925 3626 965 3663 1.
994 3626 1034 3665 Β
1070 3628 1110 3668 1.
1143 3627 1182 3666 F
1214 3630 1256 3672 1.
1287 3628 1330 3670 G
1363 3630 1402 3672 8.
1449 3630 1519 3673 50.
1552 3632 1597 3671 Η
1627 3632 1699 3673 δι.
1732 3632 1756 3672 Ι
1790 3634 1843 3684 2;
1890 3636 2212 3684 cogitaverant
2241 3634 2279 3673 B
2311 3634 2355 3675 4,
2386 3634 2425 3672 F
2456 3632 2507 3682 53
2542 3635 2807 3682 cogitarent

792 3711 803 3722 .
837 3682 880 3722 G
911 3683 984 3722 δα.
1014 3684 1058 3723 H
1091 3687 1131 3725 1.
1162 3686 1185 3725 1
1218 3691 1257 3731 1.
1392 3686 1438 3740 ο)
1471 3691 1684 3732 facerent
1711 3691 1753 3731 A
1787 3694 1827 3733 2.
1860 3694 1897 3732 F
1930 3696 1972 3734 1.
2007 3694 2050 3735 G
2081 3696 2121 3735 1.
2157 3694 2199 3732 2.
2333 3690 2380 3743 p)
2415 3693 2807 3735 muchium-erunt

784 3769 796 3780 .
827 3741 877 3789 ὃς
911 3743 1162 3783 machinati
1190 3745 1375 3787 fuerant
1403 3748 1447 3787 D
1481 3750 1524 3790 3.
1618 3748 1666 3801 q)
1700 3749 1791 3792 Sed
1822 3752 1879 3795 D.
1912 3753 1993 3795 11.
2082 3749 2123 3804 r)
2154 3753 2265 3792 deese
2298 3751 2394 3791 Gs.
2485 3750 2526 3803 s)
2559 3752 2673 3791 decet
2704 3754 2806 3796 ΡΙ.

657 3803 1048 3841 eneventanorum
1082 3801 1122 3842 G
1154 3805 1193 3845 1.
1313 3804 1361 3859 u)
1392 3808 1646 3856 gerendum
1680 3809 1779 3850 Gs.
1798 3812 1852 3859 4;
1883 3812 2083 3862 populus
2114 3811 2168 3853 R.
2204 3821 2243 3850 e.
2278 3810 2425 3851 filium
2455 3812 2515 3851 ad
2547 3813 2809 3860 regendum

656 3868 705 3898 se
739 3856 797 3909 r.)
830 3858 1096 3899 sublimavit
1128 3861 1179 3903 C.
1210 3865 1268 3904 D.
1300 3864 1324 3904 1
1358 3868 1397 3907 1.
1550 3866 1598 3919 v)
1633 3869 1756 3908 cives
1801 3868 1843 3909 A
1872 3866 1937 3911 ’2,
1973 3872 2014 3911 2.
2048 3872 2091 3910 4.
2139 3872 2176 3910 Β
2211 3870 2253 3909 2.
2285 3868 2321 3910 C
2356 3870 2397 3911 1.
2426 3870 2500 3909 41).
2534 3870 2577 3909 D
2614 3873 2655 3912 1.
2686 3872 2727 3911 E
2767 3874 2807 3915 1.

657 3948 668 3959 .
703 3918 744 3957 2.
775 3914 839 3969 ⁸3,
885 3918 1001 3967 quod
1045 3921 1149 3968 quin
1194 3923 1242 3961 in
1289 3926 1517 3976 archetypo
1552 3927 1695 3975 fuerit
1740 3928 1933 3968 dubitari
1976 3930 2147 3979 nequitu
2210 3929 2311 3969 cive
2357 3929 2395 3967 F
2428 3930 2483 3978 13
2546 3929 2643 3970 dux
2690 3930 2727 3971 G
2763 3935 2806 3973 1.

550 3975 1176 4029 w)hucAs.4.1·31.F
1212 3982 1745 4033 1.H1;h1n01·*5.1
1782 3989 1821 4026 1.
1858 3988 1907 4036 23
1953 3988 2272 4027 deletumF4.
2308 3985 2422 4028 (32.
2456 3988 2729 4037 3360ae31)
2766 3992 2812 4032 8.

543 4034 594 4077 'G
625 4036 752 4078 διο.
874 4032 923 4087 x)
955 4036 1068 4075 decet
1098 4037 1135 4077 F
1169 4039 1210 4077 1.
1242 4039 1284 4079 G
1316 4044 1442 4081 1—4.
1562 4042 1612 4096 y)
1644 4046 1753 4084 deest
1786 4046 1820 4085 O
1855 4048 1895 4085 1.
1934 4048 1973 4085 2.
2110 4045 2152 4097 z)
2186 4046 2416 4087 habitacio
2446 4046 2485 4086 F
2519 4050 2560 4088 1.
2596 4046 2641 4088 G
2675 4050 2807 4091 1-4.

550 4094 596 4147 a)
629 4092 765 4165 ftaA
799 4096 839 4135 2.
871 4095 916 4135 4.
947 4094 985 4133 Β
1019 4095 1060 4135 2.
1111 4096 1221 4138 01.
1269 4100 1307 4139 Ε
1344 4102 1385 4140 1.
1436 4102 1479 4141 G
1511 4102 1723 4152 331u3u
1754 4103 1795 4143 A
1828 4100 1887 4144 ·2.
1933 4104 1970 4144 F
2004 4107 2044 4146 1.
2096 4105 2136 4146 G
2167 4107 2209 4146 1.
2243 4103 2305 4156 ⁶8,
2346 4116 2460 4146 corr.
2510 4108 2623 4155 iugo
2670 4109 2714 4149 D
2754 4111 2810 4158 13

548 4154 668 4201 iugii
699 4152 741 4193 G
771 4154 822 4203 23
853 4154 968 4202 iugo
1000 4156 1150 4205 cetera]
1182 4168 1230 4195 m
1261 4160 1485 4210 archetypo
1517 4161 1629 4210 iugu
1650 4163 1794 4211 fursee
1824 4164 2003 4203 videtur.
2137 4160 2185 4213 b)
2220 4168 2338 4204 statu
2369 4166 2407 4205 Ε
2444 4167 2484 4207 1.
2513 4167 2551 4205 F
2584 4166 2629 4209 5.
2668 4189 2721 4198 —
2756 4169 2805 4207 in

550 4222 640 4261 quo
670 4212 713 4251 A
744 4213 798 4262 23
831 4215 912 4262 qui
943 4214 997 4257 F.
1031 4213 1086 4254 G.
1210 4214 1252 4267 c)
1284 4218 1420 4259 Hunc
1450 4220 1488 4259 F
1523 4223 1563 4260 1.
1601 4220 1641 4260 G
1674 4223 1799 4262 1—4.

555 4304 609 4390 l)
651 4305 731 4373 ΟΥ.
770 4305 878 4359 Leo
905 4306 1031 4391 oon.
1073 4309 1119 4372 I,
1157 4312 1210 4372 4,
1271 4310 1368 4365 SS.
1422 4314 1548 4378 VII,
1596 4333 1659 4381 p.
1704 4317 1828 4381 581,
1889 4325 1937 4369 et
1985 4335 2122 4384 quae
2180 4317 2255 4370 ibi
2316 4319 2581 4371 adnotata
2640 4328 2807 4384 nuntf

548 4384 688 4429 mter
722 4389 1033 4433 reecntwres
1070 4382 1212 4434 Tosti
1247 4384 1523 4437 historiam
1565 4385 1713 4441 oasa.

549 3626 604 3959 agabo>

611 3684 654 3957 μῆωωμ
