2984 4917
544 665 569 881 i

566 888 573 903 Ι
604 893 618 907 ο

488 990 583 1046 (22)

378 1329 397 1352 ²
409 1346 453 1386 p.
486 1335 586 1377 124.

147 1737 381 1814 nteit*
404 1725 595 1797 elihu*

606 389 710 439 154
913 384 1133 438 PAULI
1169 383 1518 437 HISTORIA
1558 383 2227 438 LANGOBARDORUM.
2302 383 2446 434 LIB.
2486 385 2582 436 IV.

601 555 742 618 viro
820 575 933 618 suo
1010 551 1451 618 Gudescalco⁸¹
1528 552 1786 616 nomine
1861 550 1941 615 de
2030 550 2282 616 civitate
2355 551 2695 616 Parmensi
2771 548 2851 615 ab

602 638 891 704 exercitu
906 637 935 682 ¹³
995 636 1299 702 Gallicini
1316 648 1341 681 0
1392 636 1678 722 patricii,
1733 644 1798 700 et
1853 635 1938 700 ad
1953 636 1986 677 ἃ
2041 633 2270 698 urbem
2339 635 2851 701 Ravennatium⁶

602 732 750 788 sunt
794 722 1072 786 deducti.
1162 721 1307 785 Hoc
1397 742 1609 807 uoque
1637 730 1928 806 tempore
1972 719 2148 783 misit
2173 719 2426 806 Agilulf
2449 742 2568 784 rex
2609 740 2850 783 cacano

600 829 669 873 re
722 807 737 822 ⁹
810 806 1175 894 Avarorum
1238 742 1514 870 artihces
1569 803 1652 869 ad
1712 802 2042 869 faciendas
2106 826 2335 886 naves,
2411 826 2554 868 cum
2619 803 2852 890 quibus

626 829 803 956 siim
848 911 1125 954 cacanus
1167 888 1438 955 insulam
1484 888 1808 976 quandam
1851 889 1920 951 in
1960 886 2238 952 Thracia
2253 889 2274 930 f
2317 910 2487 988 expu
2581 889 2731 953 avit.

734 975 871 1039 21.
977 976 1104 1039 Per
1165 974 1337 1038 idem
1413 994 1540 1060 quo
1589 995 1670 1038 ue
1688 984 1717 1028 8
1789 981 2046 1058 tempus
2111 972 2468 1038 Theudehn
2515 995 2554 1036 a
2628 973 2851 1058 regina

602 1059 938 1124 basilicam
1005 1058 1176 1123 beati
1217 1057 1522 1123 Iohannis
1611 1078 1651 1120 a
1697 1057 1910 1139 tistae,
1971 1077 2164 1143 quam
2219 1058 2288 1120 in
2329 1053 2652 1122 Mfidicia¹²
2707 1077 2852 1121 con-

608 1152 929 1208 struxerat
939 1146 981 1225 *,
1086 1142 1153 1206 ui
1194 1139 1375 1206 locus
1421 1164 1617 1227 supra
1723 1139 2115 1206 ediolanum¹
2162 1140 2547 1206 duodecim&
2592 1139 2849 1205 milibus

606 1226 819 1293 abest¹
840 1275 857 1309 ,
953 1225 1033 1291 de
1080 1226 1275 1291 icavit
1354 1225 1700 1312 multisque
1781 1226 2168 1291 ornamentis
2257 1226 2398 1290 auri
2475 1227 2849 1312 argentique

608 1311 934 1377 decoravit
953 1322 971 1358 ¹
1017 1309 1423 1396 praediisque
1442 1322 1481 1352 ¹¹¹
1527 1310 1954 1375 *sufficienter
1981 1309 2206 1375 ditavit
2221 1312 2296 1374 **.
2386 1309 2532 1390 Quo
2583 1311 2654 1373 in
2710 1309 2848 1374 loco

670 1473 717 1542 *J
755 1477 801 1527 F
842 1475 892 1525 2.
932 1471 1011 1526 *2.
1051 1474 1121 1524 28
1158 1474 1394 1525 addunt:
1436 1489 1531 1541 pro
1559 1490 1616 1525 se
1647 1479 1702 1524 et
1733 1489 1830 1540 pro
1868 1474 1981 1525 viro
2021 1489 2118 1524 suo
2147 1479 2201 1524 et
2237 1489 2332 1540 pro
2371 1472 2496 1524 filiis
2534 1489 2602 1523 ac
2639 1473 2847 1525 filiabus

756 1555 810 1600 et
846 1565 943 1616 pro
986 1549 1191 1599 cunctis
1230 1546 1606 1613 Langobar-dis
1644 1546 2008 1608 Italiensibus,
2060 1552 2120 1598 ut
2156 1549 2273 1613 ipse
2325 1553 2542 1598 sanctus
2581 1547 2845 1598 Iohannes

754 1625 825 1674 sit
860 1624 1183 1673 intercessor
1221 1637 1315 1688 pro
1365 1622 1571 1671 cunctis
1611 1620 1987 1686 Langobardis
2025 1620 2095 1670 ad
2134 1621 2440 1684 Dominum,
2482 1626 2534 1670 et
2571 1619 2655 1670 illi
2693 1637 2846 1671 vove·
2913 1665 2923 1673 ,,

751 1701 876 1746 runt
910 1697 1050 1746 inter
1085 1710 1143 1746 se
1182 1695 1505 1745 unanimiter
1553 1695 1783 1744 maiores
1822 1699 1951 1744 natu
2003 1709 2123 1744 cum
2161 1709 2291 1759 rege
2349 1710 2444 1746 suo
2485 1699 2540 1744 et
2577 1709 2689 1745 una
2737 1711 2845 1744 cum

752 1767 1129 1820 Theodelinda
1166 1769 1354 1834 regina
1394 1773 1558 1834 atque
1599 1767 1872 1818 dixerunt:
1913 1767 1991 1819 ‘Si
2015 1773 2232 1818 sanctus
2258 1767 2526 1818 Iohannes
2565 1784 2663 1834 pro
2703 1768 2846 1818 nobis

752 1842 1122 1909 interpellator
1158 1843 1229 1892 sit
1266 1841 1334 1891 ad
1380 1840 1651 1891 dominum
1690 1846 1924 1892 nostrum
1951 1841 2134 1892 Iesum
2163 1841 2448 1904 Christum,
2488 1847 2631 1892 nosss
2673 1856 2843 1892 omnes

176 1913 279 2010 W(
316 1969 331 1980 „
346 1915 539 2010 kala,-
557 1914 619 1992 „J
752 1917 1073 1967 unanimiter
1108 1914 1425 1981 pollicemur
1460 1913 1542 1964 illi
1581 1916 1832 1980 omnique
1871 1928 2009 1965 anno
2041 1915 2097 1965 in
2136 1913 2224 1964 die
2263 1915 2560 1965 nativitatis
2598 1931 2715 1978 sue,
2753 1915 2846 1965 hoc

409 4509 527 4570 Cli-it
538 4528 576 4557 Ψ

758 1996 839 2041 est
877 1989 929 2042 8.
958 1989 1080 2042 Kal.
1108 1987 1252 2048 Iulii,
1292 1988 1361 2038 de
1399 1989 1595 2039 nostris
1633 1987 1978 2040 facultatibus
2015 1989 2416 2040 transmissuros
2452 1987 2748 2039 honorifice
2783 1989 2845 2038 ad

754 2063 1027 2115 oraculum
1072 2063 1203 2124 eius,
1242 2067 1302 2112 ut
1325 2077 1423 2128 per
1457 2060 1604 2112 illius
1643 2060 2130 2128 interpellationem
2157 2061 2451 2112 habeamus
2478 2063 2735 2112 iuvamen
2762 2061 2843 2113 do-

752 2138 885 2188 mini
922 2137 1094 2188 nostri
1133 2136 1261 2186 Iesu
1302 2134 1500 2186 Christi
1538 2141 1645 2184 tam
1685 2135 1743 2184 in
1781 2134 1924 2186 bello
1965 2150 2124 2202 quam
2162 2136 2217 2185 in
2263 2134 2506 2186 omnibus
2543 2134 2702 2199 locis,
2740 2135 2846 2186 ubi·

756 2226 983 2277 cumque
1022 2210 1150 2260 ituri
1188 2209 1399 2260 sumus'.
1474 2208 1561 2258 Ab
1600 2206 1695 2259 illo
1737 2223 1864 2274 ergo
1904 2209 1994 2259 die
2039 2210 2093 2258 in
2132 2209 2376 2260 omnibus
2418 2209 2630 2260 actibus
2677 2224 2845 2260 eorum

758 2288 1018 2350 ceperunt
1048 2285 1299 2334 invocare
1338 2287 1582 2332 sanctum
1621 2281 1933 2350 Iohannem,
1975 2287 2033 2332 ut
2071 2280 2180 2334 illis
2217 2282 2466 2349 preberet
2505 2281 2764 2332 auxilium
2799 2282 2847 2330 in

753 2359 950 2408 virtute
984 2356 1187 2407 domini
1224 2356 1391 2406 nostri
1429 2355 1556 2406 Iesu
1589 2355 1803 2421 Christi,
1846 2361 1900 2406 et
1933 2354 2017 2405 illi
2056 2371 2240 2406 omnes
2291 2356 2682 2422 permanebant
2718 2354 2846 2406 illesi

754 2433 1093 2497 victoresque
1133 2431 1449 2480 exstiterunt
1485 2444 1647 2495 super
1685 2433 1904 2480 cunctos
1944 2428 2279 2480 adversarios
2321 2444 2517 2480 eorum.

648 2535 718 2606 ¹'*)
756 2541 801 2589 F
840 2539 889 2588 2.
933 2535 1010 2588 *2.
1053 2539 1117 2587 2³
1178 2539 1415 2589 addunt.-
1490 2537 1725 2590 familias
1777 2554 1842 2589 ac
1891 2539 2259 2606 possessiones
2310 2538 2506 2589 multas
2557 2539 2614 2589 in
2669 2538 2846 2590 eodem

756 2613 877 2663 loco
916 2613 1225 2677 subiugavit
1247 2615 1303 2662 in
1344 2613 1545 2662 honore
1583 2613 1758 2663 sancti
1798 2613 2032 2678 baptiste
2072 2613 2342 2663 Iohannis.
2400 2613 2665 2664 Dicamus
2706 2613 2846 2662 offer·

757 2687 960 2737 sionem
1004 2687 1263 2751 scripture
1290 2685 1660 2736 Theodelinde
1707 2687 1920 2750 reginez
1963 2685 2152 2736 ‘Offert
2187 2685 2573 2752 gloriosissima
2610 2685 2844 2736 Theode—

711 2781 719 2790 ·
754 2758 906 2809 linda
942 2759 1130 2824 regina
1166 2774 1275 2809 nna
1316 2775 1435 2808 cum
1474 2757 1586 2809 filio
1627 2775 1722 2810 suo
1760 2758 2031 2810 Adalvald
2067 2759 2234 2824 rege²
2271 2765 2455 2810 sancto
2495 2759 2728 2810 Iohanni
2762 2773 2846 2826 pa·

756 2837 908 2882 trono
948 2847 1043 2882 suo
1085 2831 1152 2881 de
1211 2832 1351 2883 dono
1391 2833 1498 2882 Dei
1557 2838 1611 2883 et
1649 2831 1716 2882 de
1776 2831 1988 2884 dotibus
2045 2835 2155 2884 suis
2215 2831 2474 2883 cartulam
2535 2831 2844 2894 donationis,

756 2920 916 2971 quam
956 2911 1010 2955 et
1046 2921 1257 2955 suorum
1295 2907 1568 2972 presentia
1604 2907 1837 2957 scribere
1876 2906 2003 2957 fecit
2017 2905 2058 2956 ².
2153 2907 2252 2958 Sio
2289 2907 2406 2972 quis
2445 2905 2690 2971 quolibet
2725 2912 2846 2956 tem-

754 2994 883 3046 pore
922 2978 1063 3028 hanc
1101 2980 1486 3030 donationemP
1544 2978 1834 3030 voluntatis
1873 2995 1969 3030 sue
2027 2980 2352 3045 corruperit,
2408 2980 2464 3029 in
2520 2978 2715 3029 iudicii
2769 2978 2847 3028 die

756 3068 875 3104 cum
908 3051 1047 3103 Iuda
1082 3052 1337 3103 traditore
1377 3049 1726 3120 dampnetur’.
1805 3052 2084 3105 Ordinatio
2122 3068 2249 3103 vero
2278 3053 2393 3104 eius
2431 3051 2557 3104 talis
2583 3052 2716 3103 fuit:
2753 3053 2846 3102 ‘De

607 3196 653 3250 a)
685 3198 749 3238 ita
795 3197 837 3237 A
869 3200 909 3240 1.
946 3199 985 3240 2.
1015 3199 1053 3237 1⁴*
1086 3200 1127 3239 1.
1162 3197 1203 3239 G
1236 3200 1285 3247 13
1334 3197 1658 3240 Godeschalco
1703 3197 1745 3238 A
1779 3197 1832 3248 ὃς
1879 3197 2166 3239 Godescalco
2212 3197 2255 3237 A
2285 3199 2328 3238 4.
2363 3197 2404 3238 5.
2439 3197 2474 3239 C
2507 3200 2547 3238 1.
2580 3199 2624 3254 D
2660 3201 2703 3239 1.
2737 3201 2778 3240 2.
2809 3198 2847 3236 3.

605 3259 641 3297 F
672 3259 718 3298 4.
750 3257 793 3298 G
826 3257 867 3298 2.
901 3257 974 3298 δα.
1025 3258 1049 3297 Ι
1082 3261 1136 3308 1;
1186 3257 1502 3299 Godescalcho
1547 3258 1584 3296 F
1617 3256 1666 3307 53
1716 3257 2002 3299 Godescaldo
2048 3259 2091 3297 A
2123 3259 2165 3298 6.
2214 3257 2249 3298 C
2281 3256 2351 3307 ’23
2401 3256 2690 3298 Gadeacalco
2735 3259 2774 3298 B
2805 3258 2848 3306 23

608 3317 897 3358 Godeccalco
928 3315 970 3355 A
1001 3313 1065 3356 ’3.
1142 3340 1152 3348 -
1204 3315 1253 3368 b)
1288 3318 1541 3357 exercitum
1571 3317 1609 3356 Γ
1642 3318 1684 3357 1.
1821 3315 1864 3368 c)
1900 3315 2122 3357 Gallinici
2155 3317 2198 3356 D
2232 3318 2254 3356 1
2304 3328 2326 3356 e
2355 3328 2487 3365 corr„
2519 3321 2557 3356 et
2587 3317 2653 3356 ica
2686 3318 2766 3357 alii
2795 3317 2849 3356 D.

607 3374 654 3427 d)
686 3377 799 3415 deest
826 3376 881 3415 1³.
917 3375 958 3416 G
991 3377 1132 3426 1—43
1163 3377 1214 3416 in
1248 3375 1289 3416 G
1320 3377 1391 3417 5⁸.
1410 3376 1453 3416 b.
1574 3375 1619 3423 e)
1651 3375 2026 3416 Ravennantium
2057 3377 2098 3416 A
2130 3376 2172 3416 2.
2206 3377 2249 3418 4.
2283 3377 2326 3416 6.
2363 3375 2398 3416 C
2429 3373 2494 3416 ⁸1.
2529 3378 2571 3419 1.
2602 3376 2645 3415 D
2686 3378 2726 3417 1.
2757 3377 2849 3416 El.

605 3436 642 3474 F
677 3438 717 3476 1.
753 3434 853 3486 G4,
885 3445 907 3473 c
936 3446 1052 3477 corr.
1086 3435 1222 3485 G503
1252 3435 1309 3484 cf.
1338 3446 1476 3485 cupra
1501 3446 1551 3484 p.
1587 3435 1670 3474 107
1702 3445 1749 3474 n.
1781 3435 1824 3476 b.
1859 3457 1913 3466 —
1945 3435 2143 3476 deducta
2172 3436 2267 3475 Pl.
2361 3433 2398 3486 f)
2432 3435 2635 3476 Trachia
2665 3433 2710 3473 A
2743 3436 2782 3475 3.
2813 3434 2850 3474 5.

605 3495 644 3534 B
681 3495 719 3536 2.
752 3493 795 3534 G
828 3495 869 3534 1.
898 3493 943 3536 4.
975 3493 1057 3544 5¹²3
1087 3494 1367 3534 'l'hrachiam
1399 3505 1512 3534 corr.
1561 3495 1760 3533 Thracia
1792 3493 1832 3535 G
1863 3493 1914 3543 ὃς
1959 3494 2127 3534 Tracia
2169 3493 2204 3534 C
2239 3496 2281 3534 1.
2313 3494 2357 3533 D
2390 3493 2432 3534 3.
2465 3494 2503 3533 F
2537 3496 2575 3532 1.
2608 3494 2633 3534 1
2667 3496 2716 3544 13
2748 3495 2851 3534 ‘rra-

609 3553 727 3591 ciam
773 3552 815 3592 A
848 3552 890 3592 6.
924 3553 966 3592 Β
1002 3554 1042 3592 1.
1174 3551 1221 3604 g)
1257 3554 1368 3595 deest
1400 3552 1442 3594 G
1475 3553 1517 3593 2.
1571 3575 1623 3583 -
1670 3557 1850 3602 tempus
1889 3557 1993 3602 post
2021 3553 2163 3603 suppl.
2196 3554 2234 3592 F
2268 3554 2310 3594 1.
2431 3549 2480 3604 h)
2509 3553 2700 3593 Modica
2743 3555 2781 3594 B
2812 3553 2849 3592 2.

609 3611 643 3651 C
680 3615 729 3660 13
776 3611 1017 3667 Moedecia
1063 3615 1111 3650 ut
1156 3613 1323 3652 videtur
1370 3623 1485 3652 corr.
1533 3612 1736 3652 Modicia
1783 3610 1824 3652 G
1856 3611 1906 3661 ὃς
1953 3612 2190 3653 Modoetia
2233 3613 2271 3652 F
2305 3613 2386 3661 2a3
2431 3611 2489 3661 qs.
2533 3611 2664 3661 infra
2715 3624 2751 3652 c.
2783 3611 2848 3652 27.

605 3667 642 3719 i)
674 3670 739 3709 ita
754 3670 833 3709 hoc
860 3671 953 3710 loco
985 3681 1129 3710 omnes
1147 3671 1270 3721 ferc3
1301 3669 1636 3711 Mediolanium
1654 3670 1736 3710 GS
1769 3671 1971 3721 saepius,
2001 3671 2060 3721 cs.
2077 3681 2276 3722 supi-ap.
2296 3671 2380 3713 103
2397 3681 2443 3713 n.
2460 3671 2505 3712 b.
2525 3676 2624 3720 etp.
2643 3672 2730 3713 157
2748 3670 2847 3714 n.b.

606 3726 656 3780 k)
686 3729 909 3770 tredecim
940 3730 983 3770 A
1014 3730 1063 3779 33
1110 3731 1324 3770 undecim
1357 3728 1399 3771 G
1426 3730 1469 3770 4.
1620 3728 1655 3782 l)
1688 3730 1820 3769 adest
1859 3731 1900 3770 A
1932 3731 1971 3772 1.
2007 3731 2046 3769 2.
2193 3728 2258 3780 m)
2285 3730 2428 3780 percit
2455 3731 2495 3770 B
2529 3733 2571 3772 1.
2730 3728 2778 3782 n)
2811 3733 2852 3770 et

609 3797 693 3828 nos
724 3788 761 3826 F
791 3783 853 3830 ’2.
973 3786 1020 3841 o)
1052 3789 1163 3828 deest
1191 3789 1229 3828 P
1262 3785 1322 3829 '2.
1444 3787 1494 3839 p)
1527 3789 1639 3829 deest
1668 3789 1706 3828 F
1741 3791 1780 3828 2.
1813 3787 1884 3838 Ὧς
1915 3791 2079 3830 testem
2107 3790 2169 3830 cd.
2203 3789 2304 3830 Aac.
2519 3818 2527 3824 -

613 3919 663 3982 1)
708 3916 883 3969 Codex
922 3920 1329 3987 evanqcliorum,
1390 3921 1570 3972 aureis
1627 3921 1903 3987 operculis,
1961 3938 2077 3972 cum
2130 3919 2469 3987 inscriptione
2521 3917 2846 3973 dedicatoria

618 3991 1022 4054 Theodelindae,
1064 3991 1299 4058 depictus
1340 3995 1490 4060 apud
1527 3992 1693 4058 Frisi,
1733 3993 1888 4048 Mem.
1928 3994 1987 4045 di
2012 3993 2211 4045 Monza
2249 3993 2364 4058 III,
2393 3994 2482 4044 58.
2563 3992 2842 4062 Comei-ale

609 4083 725 4116 cum
762 4066 1293 4131 monoqrammatibus
1331 4075 1379 4118 et
1416 4065 1773 4132 inscriptione,
1797 4069 2041 4134 fortasse
2081 4068 2147 4118 ab
2184 4069 2308 4134 ipsa
2344 4065 2712 4119 Theodelinda
2750 4083 2840 4118 acu

600 4139 823 4204 pictum,
862 4136 990 4189 ibid.
1025 4138 1145 4189 184.
1205 4137 1474 4192 Schedula
1499 4139 1850 4207 reliquiarum
1888 4157 2023 4207 quas
2054 4141 2102 4192 b.
2133 4140 2421 4208 Gregorius
2457 4139 2839 4193 Reodelindae

608 4212 917 4275 transmisit,
955 4210 1088 4263 ibid.
1128 4211 1209 4276 II,
1240 4214 1289 4263 1.
1360 4215 1473 4264 ΒΕ.
1627 4212 1685 4281 2)
1724 4214 2115 4266 Bonincontrus
2143 4212 2393 4282 Moriqia,
2431 4213 2707 4266 Muratori
2743 4210 2836 4265 SS.

607 4284 743 4348 XII,
772 4303 836 4352 p.
878 4286 1035 4347 1071,
1061 4285 1155 4352 qui
1180 4286 1401 4338 eandem
1438 4293 1641 4338 cartam
1667 4287 1882 4354 eaecepit,
1921 4287 2102 4339 addin·
2141 4289 2260 4355 ipsa
2291 4288 2379 4338 die
2404 4289 2460 4338 in
2498 4291 2688 4355 quain
2725 4301 2834 4356 pre·

609 4361 781 4408 sentia
818 4361 986 4426 patris
1026 4366 1307 4412 coronatus
1346 4367 1426 4411 est
1462 4361 1556 4411 ibi.

595 4487 713 4562 'CK-a·
746 4507 783 4564 :4⁰
837 4493 898 4574 ,ἶν’-λ
906 4511 1039 4604 'sutja‘
1066 4532 1085 4546 ’-
