2984 4917
423 373 645 444 PAULI
684 393 1033 446 HISTORIA
1072 394 1740 447 LANGOBARDORUM.
1817 396 1960 459 LIB.
2001 397 2098 449 IV.
2304 397 2407 448 1⁷5

184 569 395 646 peret,
441 563 551 648 qui
594 570 798 626 aetate
841 572 1147 645 maturus,
1193 561 1451 628 consilio
1495 562 1805 649 providus
1835 572 1900 628 et
1931 564 2175 629 viribus
2219 564 2428 629 fortisa

181 644 511 709 existeret.
598 644 934 710 GrimUald
974 645 1131 711 haec
1172 646 1470 730 audienS,
1515 669 1670 710 mox
1711 649 1994 712 animum
2037 648 2120 712 ad
2160 670 2424 733 regnum

182 728 763 814 Langobardorum
839 729 1253 796 obtinendum
1313 731 1534 795 erexit.
1643 731 2191 818 ordinatumqueb
2273 741 2430 818 aput

182 811 633 877 Beneventum
692 813 1161 878 Romualdume
1229 837 1416 878 suum
1480 814 1684 878 filium
1751 815 2013 898 ducem,
2078 817 2216 902 ipse
2281 837 2425 879 cum

183 895 427 961 electad
469 919 663 961 manu
692 897 991 963 Ticinum
1033 899 1433 985 profecturus
1476 899 1598 964 iter
1625 901 1912 985 arripuit,
1956 921 2032 964 ac
2061 922 2179 986 per
2208 921 2429 963 omnes

182 981 497 1063 civitates,
540 1005 658 1068 per
701 1004 859 1080 quas
902 983 1075 1048 viam
1093 995 1117 1025 e
1160 983 1402 1064 habuit,
1447 983 1569 1048 sibi
1589 985 1830 1048 amicos
1859 993 1923 1047 et
1949 983 2270 1048 adiutores
2313 983 2430 1048 ads

180 1086 460 1149 regnum
488 1066 968 1151 perciplendum
991 1066 1279 1131 adscivit.
1322 1066 1923 1132 Transemundumg
1944 1089 2100 1132 vero
2131 1069 2429 1132 comitem

184 1147 569 1246 Capuanum
610 1172 727 1235 per
770 1150 1121 1235 Spoletium
1140 1153 1167 1194 ¹¹
1212 1160 1277 1215 et
1317 1151 1619 1214 Tusciam
1663 1151 1929 1234 direxit,
1973 1162 2046 1217 ut
2088 1153 2226 1216 eius
2267 1151 2434 1236 regi-

184 1233 364 1296 onisi
430 1233 888 1318 Langobardos
945 1257 1059 1300 suo
1116 1235 1431 1300 consortio
1486 1243 1831 1322 coaptaret.
1934 1237 2064 1316 Qui
2121 1237 2433 1321 imperata

182 1317 311 1382 sibi
356 1325 608 1382 strenue
653 1318 1007 1404 perficienS,
1053 1319 1111 1383 ei
1143 1342 1291 1384 cum
1334 1317 1550 1384 multis
1593 1319 1990 1385 adiutoribus
2031 1329 2190 1405 aput
2217 1321 2432 1383 Aemi-

179 1399 342 1463 liam
368 1401 437 1463 in
452 1403 484 1442 Β
514 1402 737 1467 itinere
769 1405 1061 1467 occurrit.
1124 1403 1331 1488 Igitur
1354 1402 1710 1486 Grimuald,
1755 1425 1898 1467 cum
1939 1425 2139 1489 prope
2169 1402 2432 1467 Placen-

180 1485 345 1549 tiam
376 1507 523 1549 cum
564 1485 829 1551 robusta
875 1488 1165 1552 virorum
1214 1485 1622 1553 multitudine
1671 1488 2079 1564 advenisset¹‚
2137 1485 2430 1572 Garipal-

183 1568 380 1651 dum,
442 1570 554 1654 qui
602 1570 851 1656 legatus
904 1571 987 1636 ad
1031 1594 1178 1635 eum
1220 1573 1454 1635 missus
1482 1593 1523 1633 a
1567 1571 1934 1658 Godeperto
1977 1572 2266 1653 fueratm,
2324 1570 2430 1633 Ti-

184 1653 405 1716 cinum
432 1656 777 1738 praemisit,
810 1663 881 1719 ut
910 1655 1115 1721 eidem
1152 1655 1520 1741 Godeperto
1557 1656 1636 1720 de
1653 1669 1682 1698 ¹¹
1726 1679 1842 1720 suo
1873 1655 2154 1721 adventu
2179 1657 2430 1720 nuntia-

180 1746 305 1802 ret.
373 1736 504 1817 Qui
532 1738 615 1802 ad
646 1739 1081 1825 Godepertum
1098 1751 1123 1782 ⁰
1170 1741 1450 1824 venienS,
1483 1739 1930 1806 Grimualdum
1962 1741 2148 1805 citius
2194 1739 2431 1804 adven-

181 1832 329 1885 tare
369 1821 549 1886 dixit.
639 1821 805 1888 Cum
850 1847 931 1888 ue
963 1823 1293 1910 Godepert
1321 1825 1402 1890 ab
1434 1846 1510 1889 eo
1542 1835 1872 1910 quaereret
1885 1836 1934 1906 Ρ,
1981 1837 2148 1909 quoq
2191 1825 2259 1886 in
2285 1821 2429 1886 loco

185 1905 399 1970 eidem
435 1906 805 1972 Grimualdo
883 1909 1183 1994 ospitium
1212 1921 1471 1994 parare‘
1521 1908 1796 1989 deberet,
1831 1907 2176 1992 Garipald³
2216 1909 2307 1972 ita
2334 1929 2429 1970 re·

184 1990 479 2077 spondit:
533 1992 707 2077 quod
764 1992 1029 2078 dignum
1089 2002 1271 2074 esset,
1332 2002 1403 2055 ut
1459 1991 1894 2074 GrimualduS,
1961 1993 2071 2076 qui
2124 2013 2241 2076 pro
2295 1992 2431 2055 eius

186 2097 383 2138 causa
434 2084 697 2139 venerat
751 2078 1015 2162 eiusque
1070 2099 1351 2142 sororem
1410 2086 1785 2162 accepturus
1851 2085 2036 2156 esset,
2079 2075 2429 2160 hospitium

182 2159 356 2222 intra
384 2157 723 2245 palatiumt
770 2161 1050 2226 haberet.
1125 2160 1317 2240 Quod
1346 2161 1435 2223 ita
1476 2182 1732 2246 quoque
1747 2172 1776 2202 ¹¹
1806 2158 2046 2222 factum
2077 2167 2190 2222 est.
2263 2158 2431 2221 Nam

181 2243 537 2307 adveniens
598 2244 973 2325 Grimuald‚
1045 2246 1212 2308 intra
1281 2242 1590 2330 palatium
1654 2243 2050 2307 mansionem
2066 2255 2096 2284 v
2161 2242 2430 2326 accepit.

180 2327 406 2391 Isdem
448 2349 602 2392 vero
666 2328 975 2414 Garipald
1038 2329 1231 2394 totius
1293 2329 1616 2426 nequitiae
1669 2329 2012 2392 seminator
2061 2325 2430 2412 Godeperto

180 2412 519 2497 persuasit,
564 2423 634 2477 ut
675 2435 804 2477 non
843 2413 1023 2477 aliter
1068 2434 1261 2499 quam
1302 2411 1503 2476 lorica
1539 2411 1705 2476 subW
1747 2421 1926 2476 veste
1967 2410 2230 2474 indutus
2283 2431 2431 2473 cum

184 2494 565 2562 Grimualdo
582 2509 613 2538 ¹
653 2495 973 2561 locuturus
1001 2499 1275 2579 veniret3
1318 2519 1626 2581 asserenS,
1673 2496 1823 2582 quia
1839 2507 1871 2550 Y
1916 2517 2063 2559 eum
2095 2492 2430 2560 Grimuald

187 2579 485 2646 occidere
528 2579 734 2645 vellet.
820 2581 1065 2645 Rursus
1109 2581 1283 2645 idem
1325 2579 1582 2646 fallendi
1611 2580 1841 2645 artifex
1869 2579 1952 2643 ad
1983 2577 2428 2644 Grimualdum

180 2665 446 2731 veniens
491 2663 673 2747 dixit,
764 2665 941 2747 uodz,
984 2666 1111 2729 nisi
1152 2687 1219 2730 se
1264 2665 1510 2730 fortiter
1551 2687 1705 2750 prae
1753 2673 1979 2746 araret,
2024 2686 2171 2727 eum
2218 2661 2430 2727 Gode-

182 2757 408 2836 pertus
438 2759 595 2812 suoa
623 2748 729 2835 gla
774 2751 835 2813 io
865 2750 1223 2835 perimeret,
1252 2771 1644 2832 asseverans,
1681 2687 2139 2832 (Eodepertum,
2171 2746 2424 2832 quando
2469 2713 2481 2823 Ι

184 2855 337 2898 cum
406 2854 481 2896 eo
538 2817 622 2896 ad
688 2831 1241 2919 conloquendumb
1287 2835 1584 2916 *veniret,
1648 2832 1951 2898 loricam⁶
2015 2831 2135 2896 sub
2200 2831 2524 2920 yested·1›.
2557 2841 2658 2883 139·

183 2925 461 3003 gestare.
563 2917 736 2998 Quid
840 2914 1024 2982 lura?
1086 2916 1253 2982 Cum
1309 2917 1392 2982 ad
1466 2916 1876 3003 conloquium
1894 2927 1918 2957 θ
1978 2915 2084 2980 die
2150 2914 2428 2979 crastino

182 3001 528 3083 venissent,
574 3011 637 3065 et
680 3000 781 3066 Gro
830 3011 1116 3101 epertum
1158 3012 1305 3086 post
1348 3001 1792 3066 salutationem
1838 2997 2252 3063 Grimualdus
2297 3021 2428 3062 am·

179 3082 483 3170 plexatus
526 3095 709 3167 esset,
753 3087 966 3150 statim
995 3087 1209 3168 sensit,
1254 3085 1429 3171 quod
1467 3084 1774 3148 loricam⁰
1807 3080 1926 3146 sub
1969 3094 2145 3148 veste
2163 3083 2185 3124 f
2223 3090 2429 3167 gesta-

184 3177 305 3233 ret.
379 3169 517 3234 Nec
545 3191 743 3252 mora,
789 3170 1126 3255 evaginato
1170 3167 1387 3252 gladio
1419 3191 1566 3233 eum
1594 3169 1725 3234 vita
1745 3168 2040 3254 privavit.
2105 3166 2200 3230 Re
2247 3187 2427 3229 num-

186 3263 359 3401 311θέ
425 3254 560 3318 eius
625 3264 689 3318 et
753 3275 1006 3318 omnem
1082 3254 1432 3338 potentiam
1509 3251 1835 3333 invadens,
1913 3271 2065 3314 suae
2146 3272 2222 3313 su
2269 3248 2430 3313 didit

231 3337 434 3402 1tioni.
519 3337 821 3403 Habebat
860 3349 1073 3403 autem
1114 3346 1266 3402 tunc
1297 3335 1629 3422 Godepert
1670 3337 1800 3399 iam
1841 3334 2044 3398 filium
2087 3331 2428 3420 parvulum

185 3555 233 3608 a)
266 3560 315 3597 et
344 3556 521 3597 foribus
550 3557 588 3596 B
624 3557 663 3596 1.
785 3553 835 3607 b)
869 3555 1183 3604 Ordinatoque
1203 3555 1528 3594 ——Romualdo
1561 3553 1886 3607 (Romualdum
1920 3549 2038 3606 0‘1)
2067 3563 2149 3593 suo
2183 3552 2280 3592 filio
2312 3552 2430 3592 duce

186 3617 239 3657 C.
274 3617 346 3665 Ὡς
380 3615 433 3656 Ο.
466 3616 733 3654 Benevento
762 3615 801 3654 B
824 3617 862 3656 1.
982 3613 1024 3666 c)
1056 3615 1295 3654 Rumoald.
1316 3613 1352 3654 C
1373 3617 1421 3663 13
1452 3614 1696 3654 Romoald.
1730 3612 1830 3666 Aa,
1859 3612 1951 3663 alii,
1977 3617 2132 3662 postea
2161 3611 2288 3650 etiam
2318 3610 2359 3650 A
2377 3613 2430 3660 13

183 3675 432 3714 Rumwald
454 3678 609 3723 postea
641 3673 682 3714 G
716 3673 774 3713 ’2.
807 3674 849 3715 2.
883 3672 952 3715 50.
1084 3671 1129 3724 d)
1165 3674 1359 3713 electam
1389 3683 1578 3712 manum
1608 3673 1644 3711 F
1679 3674 1721 3713 1.
1859 3671 1903 3724 e)
1936 3682 2052 3720 quas
2085 3671 2268 3711 obviam
2299 3669 2344 3712 h.
2379 3669 2428 3710 0.

183 3735 209 3774 1
243 3737 285 3785 1,
318 3745 432 3773 corr.
456 3744 540 3783 per
570 3743 683 3782 quas
714 3733 756 3771 h.
796 3734 921 3773 viam
951 3733 994 3772 D
1029 3735 1078 3782 13
1125 3742 1239 3780 quas
1271 3734 1380 3771 sunt
1408 3733 1532 3771 viam
1565 3732 1610 3773 h.
1641 3733 1682 3771 Ε
1717 3734 1756 3772 1.
1891 3729 1928 3782 f)
1961 3731 2020 3770 ad
2050 3742 2086 3771 r.
2121 3743 2167 3781 p.
2199 3731 2283 3771 des.
2317 3729 2352 3770 C
2384 3730 2428 3769 2.

186 3791 236 3845 g)
269 3793 674 3833 Transamundum
704 3790 746 3830 A
777 3792 819 3832 3.
854 3792 897 3843 4,
929 3796 966 3830 ec
996 3792 1120 3842 infra
1152 3790 1193 3830 A
1224 3793 1265 3832 2.
1300 3789 1398 3831 (³2.
1430 3791 1471 3834 3.
1505 3790 1562 3840 43
1594 3791 1962 3830 Trasamundum
1992 3788 2033 3828 A
2065 3789 2122 3839 53
2154 3791 2428 3829 Trasemun-

185 3853 298 3892 dum
330 3851 426 3893 A2.
458 3852 513 3892 B.
545 3851 583 3891 E
614 3852 655 3892 1.
688 3851 741 3893 F.
862 3849 909 3902 h)
944 3849 1182 3900 spoletum
1210 3850 1248 3889 F
1267 3851 1309 3889 1.
1428 3847 1463 3902 i)
1497 3850 1712 3898 regiones
1746 3849 1780 3890 Ο
1802 3852 1852 3898 13
1884 3859 1969 3898 per
2000 3859 2078 3889 eas
2110 3848 2364 3897 regionesl
2384 3850 2425 3887 1.

184 3910 237 3963 k)
270 3912 322 3950 in
354 3912 385 3950 i.
431 3911 518 3952 aa.
565 3910 609 3949 D
642 3911 684 3951 2.
719 3909 761 3950 8.
908 3908 943 3960 1)
977 3910 1268 3950 advenissent
1312 3908 1349 3947 F
1384 3910 1423 3950 1.
1573 3907 1636 3960 m)
1665 3909 1816 3948 fuerat
1861 3929 1914 3938 —-
1965 3908 2140 3958 Godep.
2189 3909 2277 3947 des.
2309 3908 2348 3946 Β
2384 3908 2426 3945 1.

184 3967 237 4020 n)
272 3971 385 4009 deest
416 3967 458 4007 A
491 3970 533 4009 1.
654 3967 699 4020 ο)
734 3968 987 4018 Godiperto
1018 3969 1055 4008 F
1090 3971 1130 4008 1.
1252 3965 1300 4018 p)
1334 3969 1591 4017 requireret
1620 3968 1657 4006 F
1690 3969 1732 4008 1.
1851 3964 1899 4018 q)
1933 3969 2056 4016 quod
2087 3966 2128 4006 A
2162 3967 2204 4008 1.
2235 3967 2276 4006 2.
2308 3965 2347 4004 Β
2382 3965 2424 4004 1.

187 4030 224 4070 O
258 4025 323 4069 *1.
359 4030 401 4069 1.
433 4029 477 4068 D
510 4030 535 4068 1
569 4025 702 4080 (corr.
735 4025 861 4078 quo).
892 4029 932 4067 Ε
967 4028 1007 4069 1.
1039 4028 1076 4066 F
1113 4029 1163 4076 13
1195 4027 1312 4077 quod
1340 4027 1388 4066 in
1422 4027 1646 4077 archetypo
1669 4026 1814 4074 fuisse
1843 4027 2091 4066 crediderim
2120 4035 2256 4074 neque
2285 4029 2428 4062 tamen

184 4089 329 4128 Paulo
360 4087 585 4126 obtrudere
614 4097 751 4126 aum
778 4097 890 4126 mm.
1042 4084 1083 4138 r)
1114 4096 1394 4136 praeparare
1427 4086 1477 4127 C.
1509 4086 1533 4125 1
1567 4087 1608 4127 1.
1749 4084 1788 4138 s)
1825 4084 2105 4135 Garipaldus
2135 4084 2172 4122 F
2208 4085 2260 4133 13
2294 4081 2426 4122 Gari-

181 4147 303 4187 bam·
326 4147 362 4188 C
396 4147 436 4186 1.
578 4144 614 4198 t)
646 4156 779 4185 suum
808 4155 854 4194 p.
884 4143 927 4184 A
959 4145 1001 4186 3.
1152 4143 1201 4197 ιι)
1233 4145 1343 4184 deest
1374 4144 1414 4184 A
1446 4141 1508 4185 ⁸3.
1657 4142 1702 4196 v)
1733 4141 2042 4196 hospic(t)ium
2075 4143 2125 4185 C.
2157 4143 2216 4183 D.
2249 4143 2273 4181 Ι
2307 4143 2347 4182 1.
2385 4142 2426 4182 2.

179 4204 244 4258 w)
278 4207 390 4246 deest
436 4205 486 4246 Ο.
532 4205 575 4244 D
610 4206 650 4247 2.
684 4205 707 4244 1
741 4207 779 4244 1.
959 4202 1009 4256 x)
1043 4203 1284 4245 Grimuald
1313 4204 1350 4242 F
1384 4205 1425 4244 1.
1604 4201 1653 4255 y)
1686 4205 1766 4253 qui
1795 4205 1837 4244 A
1871 4205 1910 4244 2.
2092 4203 2135 4257 z)
2167 4201 2280 4250 quid
2309 4200 2350 4240 A
2384 4201 2424 4241 2.

177 4264 225 4316 a.)
260 4275 345 4306 nuo
394 4285 449 4296 —
497 4263 807 4314 Godepertum
854 4263 939 4304 dec.
988 4264 1025 4303 F
1062 4266 1101 4305 1.
1252 4261 1299 4314 b)
1334 4262 1620 4311 loquendum
1665 4261 1707 4301 A
1740 4265 1790 4312 13
1835 4273 1889 4304 eo
1937 4259 2264 4310 alloquendum
2307 4259 2346 4300 E
2381 4260 2422 4300 1.

174 4323 219 4376 c)
250 4325 402 4364 lorica
445 4323 483 4362 F
519 4324 559 4363 1.
714 4321 759 4374 d)
792 4325 970 4362 vestem
1016 4322 1056 4362 A
1090 4324 1129 4365 1.
1280 4319 1325 4374 e)
1358 4321 1714 4371 colloquendum
1761 4321 1802 4360 A
1835 4322 1890 4371 33
1949 4319 2231 4370 loquendum
2279 4318 2313 4360 0
2344 4317 2417 4358 4b.

173 4383 218 4422 D
253 4383 298 4438 (1
317 4382 369 4436 ἲ).
402 4382 446 4421 H
478 4384 520 4423 1.
641 4379 677 4434 f)
710 4385 881 4424 vestem
911 4383 949 4422 B
985 4383 1024 4422 1.
1149 4378 1195 4432 g)
1230 4391 1320 4432 que
1350 4381 1460 4421 deest
1492 4380 1534 4420 A
1567 4382 1611 4422 2.
