2984 4917
451 421 666 472 PAULI
705 420 1051 472 HISTORIA
1089 422 1757 474 LANGOBARDORUM.
1833 422 1975 473 LIB.
2012 423 2107 473 VI.
2313 423 2416 471 221

200 610 344 652 mox
382 590 567 675 cepit,
613 587 1120 675 conprehensum
1165 600 1285 653 ue³
1325 589 1659 653 Rotharitb
1703 587 2165 687 pseudoregem
2178 601 2221 671 ⁰,
2282 590 2419 655 eius

207 683 386 758 caput
425 671 819 770 barbamque
847 671 1097 754 radenS,
1201 674 1441 737 aurinis
1471 674 1539 735 in
1581 671 1846 735 exillum
1887 681 2075 735 trusit
2088 674 2134 754 ἃ,
2181 674 2419 760 quique

205 755 429 821 ibidem
472 767 617 843 post
657 755 954 841 ahquod⁰
999 756 1134 820 dies
1178 768 1545 841 peremptus
1602 766 1713 820 est.
1799 755 2202 841 Liutpertum
2244 778 2418 840 vero,

208 860 384 924 quem
426 849 700 926 ceperat,
744 840 885 924 pari
928 839 1118 903 modo
1165 843 1228 903 in
1273 839 1501 906 balneo
1544 840 1711 905 vita-f
1753 840 2050 924 privavit.

361 924 459 987 21.
544 924 720 987 Misit
771 945 1026 1009 quoque
1078 926 1428 989 exercitum
1485 924 1791 988 adversus
1844 924 2298 1008 Ansprandum
2346 924 2415 986 in

205 1006 463 1070 insulam
517 1007 997 1073 Commacinam
1011 1020 1057 1070 ἔ.
1143 1008 1328 1088 Quoh
1386 1012 1751 1093 *conpert0,
1812 1007 2156 1092 Ansprand
2198 1006 2414 1092 fugiiti

205 1088 582 1155 Clavennam
599 1105 650 1168 ¹3
710 1091 938 1155 deinde
991 1113 1106 1176 per
1163 1091 1426 1157 Curiam
1465 1092 1772 1155 Retorum
1787 1092 1816 1132 k
1872 1092 2191 1155 civitatem
2242 1091 2419 1155 venit

201 1174 278 1237 ad
324 1174 813 1260 Theutpertum¹
872 1175 1311 1239 Baioariorum
1366 1175 1615 1257 ducem,
1674 1184 1737 1239 et
1788 1174 1907 1237 fuit
1966 1196 2111 1237 cum
2169 1195 2245 1237 eo
2302 1196 2419 1261 per

201 1278 387 1323 annos
449 1282 702 1323 novem.
809 1259 1150 1323 Exercitus
1213 1282 1364 1323 vero
1430 1260 1713 1343 Ariperti
1786 1256 2059 1321 insulam
2120 1258 2188 1321 in
2232 1270 2417 1344 quam

199 1339 530 1427 Ansprand
576 1343 782 1406 fuerat
820 1342 1149 1425 invadenS,
1195 1345 1330 1407 eius
1376 1344 1683 1429 oppidum
1728 1342 1937 1406 diruit.

349 1427 448 1491 22.
534 1427 677 1490 Rex
705 1427 901 1510 igitur
926 1426 1203 1511 Aripert,
1234 1428 1603 1491 confirmato
1642 1447 1861 1510 regn0,
1896 1424 2347 1510 Sigiprandum
2366 1437 2415 1508 ¹¹,

193 1508 552 1595 Ansprandi
591 1509 812 1591 filium,
869 1509 1070 1574 oculis
1111 1512 1388 1595 privavit
1441 1522 1829 1596 omnesque0
1895 1510 2005 1595 qui
2047 1509 2106 1572 ei
2157 1530 2419 1572 consan-

194 1594 498 1676 guinitate
561 1595 764 1657 iuncti
825 1594 1074 1659 fuerant
1145 1595 1411 1659 diversis
1475 1593 1685 1657 modis
1749 1592 1995 1657 afflixit.
2101 1593 2415 1657 Minorem

201 1698 441 1763 quoque
485 1678 622 1742 Ans
669 1677 854 1741 randi
894 1677 1092 1742 filium
1135 1678 1643 1764 Liutprandumv
1697 1678 1765 1741 in
1807 1676 2096 1742 custodia
2112 1689 2141 1731 ‘1
2184 1678 2417 1760 tenuit3

193 1781 373 1845 quem
417 1763 573 1849 quia
616 1702 1068 1847 despicabilem
1111 1785 1449 1847 personam
1479 1774 1580 1827 etr
1621 1763 1828 1826 adhuc
1870 1759 2414 1825 adulescentulum

195 1865 322 1909 esse
363 1849 716 1932 perspexit,
762 1868 890 1909 non
919 1845 1122 1909 solum
1151 1847 1220 1908 in
1249 1848 1383 1910 eius
1429 1868 1696 1931 corpore
1738 1845 2087 1909 vindictam
2132 1844 2413 1930 aliquam

190 1929 442 1995 minime
501 1931 786 2015 ingessit,
843 1930 956 1994 sed
1014 1952 1178 2011 eum,
1236 1940 1308 1994 ut
1361 1930 1443 1993 ad
1498 1939 1746 2016 patrem
1803 1951 1988 1992 suum
2044 1940 2372 2013 pergeret⁵
2393 1980 2409 2011 ,

188 2010 354 2077 abire
397 2016 706 2099 permisit.
795 2013 984 2094 Quod
1028 2012 1154 2078 Dei
1197 2014 1645 2098 omnipotentis
1683 2017 1877 2076 nutut
1917 2012 2154 2075 factum
2196 2012 2410 2095 fuisse,

229 2098 291 2159 ui
333 2120 483 2161 eum
525 2096 609 2161 ad
651 2100 832 2182 regni
859 2097 1292 2244 {ubernacula
1332 2095 1785 2183 praeparabat,
1830 2095 2095 2160 dubium
2138 2117 2267 2158 non
2297 2106 2409 2160 est.

218 2182 386 2263 gitur
424 2181 784 2266 Liutprand
825 2204 864 2245 a
952 2192 1196 2267 patrem
1241 2204 1426 2244 suum
1461 2183 1531 2243 in
1558 2180 1921 2243 Baioariam
2010 2179 2306 2260 rofectuS,
2352 2181 2412 2244 ei

185 2264 259 2327 de
301 2286 418 2329 suo
464 2266 782 2329 adventuu
838 2265 1300 2329 inaestimabile
1341 2264 1647 2350 gaudium
1688 2264 1857 2327 fecit.
2007 2285 2230 2327 xorem
2257 2284 2409 2327 vero

183 2348 550 2433 Ansprandi
592 2347 1076 2413 Theodoradam
1097 2362 1121 2391 v
1170 2350 1425 2413 nomine
1465 2372 1585 2413 rex
1626 2347 1885 2433 Aripert
1925 2347 2353 2432 conprehendi
2368 2359 2410 2391 w

181 2430 341 2496 fecit.
441 2435 625 2513 Quae
692 2455 838 2497 cum
903 2455 971 2496 se
1034 2432 1357 2497 voluntate
1411 2433 1686 2496 feminea
1737 2432 2025 2515 reginam
2086 2430 2364 2495 futuram
2380 2444 2411 2473 x

181 2538 312 2580 esse
354 2519 643 2598 iactaret,
687 2528 887 2581 nasoY
931 2527 1121 2603 atque
1164 2517 1425 2581 auribus
1454 2516 1739 2597 abscisiS,
1784 2514 2013 2580 decore
2044 2536 2195 2578 suae
2223 2515 2413 2579 faciei

181 2598 518 2686 deturpata
559 2610 673 2666 est.
744 2601 895 2665 Pari
937 2601 1127 2666 etiam
1177 2601 1368 2665 modo
1413 2611 1476 2665 et
1528 2621 1830 2686 germana
1872 2598 2251 2684 Liutprandi
2303 2620 2413 2662 no-

181 2684 345 2749 mine
389 2684 696 2748 Auronaz
743 2684 1044 2748 deformis
1090 2685 1315 2750 effecta
1358 2694 1472 2749 est.

340 2768 444 2832 23.
536 2768 680 2833 Hoc
723 2780 1009 2854 tempore
1066 2779 1265 2854 aputa
1308 2768 1549 2833 Gallias
1592 2769 1659 2831 in
1697 2769 2090 2831 Francorum
2145 2789 2414 2852 regnum

181 2850 458 2917 Anschis
473 2853 523 2933 ¹³,
566 2851 815 2917 Amulfi
862 2852 1048 2935 filius,
1101 2854 1214 2938 qui
1270 2852 1349 2917 de
1391 2854 1647 2917 nomine
1688 2850 2049 2915 Ansehise⁰
2092 2849 2414 2937 quondam

181 3036 225 3088 a)
258 3040 671 3090 conprehensoque
705 3039 746 3081 G
778 3042 817 3080 1.
938 3039 985 3092 b)
1015 3042 1124 3080 deest
1157 3041 1192 3081 C
1226 3043 1266 3081 1.
1418 3040 1460 3093 c)
1493 3040 1634 3080 reudo
1665 3050 1782 3081 corr.
1816 3040 1979 3079 frendo
2013 3050 2050 3081 r.
2083 3040 2120 3078 F
2153 3041 2205 3087 13
2237 3039 2412 3089 pseudo

179 3108 291 3140 corr.
322 3099 491 3140 frendo
525 3097 566 3139 G
598 3101 637 3150 1,
668 3104 706 3138 οε
736 3100 834 3139 inde
862 3100 916 3142 R.
951 3104 997 3140 et
1025 3100 1314 3140 Freodonem
1345 3110 1503 3149 regem
1533 3100 1598 3141 ed.
1623 3108 1725 3147 φης
1756 3099 1907 3148 pendo
1941 3098 1981 3136 G
2013 3099 2064 3146 23
2096 3107 2205 3145 rege
2239 3097 2280 3137 G
2299 3099 2338 3138 1.
2369 3099 2411 3139 2.

183 3154 228 3206 d)
260 3160 408 3198 truxit
438 3159 477 3197 F
511 3158 550 3196 1.
588 3157 630 3199 G
661 3159 707 3208 13
757 3159 900 3199 trudit
942 3159 983 3199 G
1015 3160 1065 3208 ὃς
1112 3160 1298 3200 retrusit
1329 3158 1381 3211 C,
1408 3159 1600 3207 plerique
1629 3158 1698 3205 D3
1739 3157 1866 3195 misit
1893 3158 1935 3195 D
1971 3157 2010 3196 2.
2042 3157 2079 3195 F
2111 3155 2152 3196 5.
2273 3154 2316 3206 e)
2350 3156 2413 3195 ita

179 3214 215 3252 F
249 3217 297 3265 13
329 3217 517 3266 aliquos
547 3218 586 3257 E
621 3219 661 3257 1.
693 3218 731 3257 1³
761 3218 804 3258 4.
840 3217 905 3269 G;
935 3219 1113 3267 aliquot
1141 3220 1280 3257 ceteri.
1419 3216 1456 3267 f)
1489 3228 1519 3255 a
1547 3216 1644 3255 vita
1677 3214 1718 3255 G
1748 3216 1788 3254 3.
1823 3216 1867 3254 4.
2003 3213 2049 3265 g)
2083 3214 2412 3255 comachinam

177 3274 214 3312 Γ
248 3276 288 3316 1.
323 3275 366 3316 G
399 3278 442 3315 1.
566 3273 614 3326 h)
647 3276 750 3324 Quo
779 3278 890 3316 decet
920 3276 962 3316 A
995 3278 1045 3326 23
1077 3277 1179 3324 Quo
1215 3300 1266 3307 —
1300 3276 1585 3316 clavennam
1615 3275 1700 3313 des.
1733 3275 1785 3314 F.
1822 3274 1863 3314 G
1896 3274 2034 3323 1-43
2067 3274 2147 3321 qui
2178 3273 2412 3322 Anepran-

179 3334 262 3373 dus
293 3334 466 3375 deinde
499 3336 652 3384 pergit
682 3336 718 3375 F
749 3336 800 3385 43
832 3336 923 3384 Qui
954 3336 1119 3376 deinde
1152 3335 1195 3376 G
1224 3336 1295 3376 5a.
1315 3346 1354 3373 c.
1472 3332 1507 3386 i)
1539 3334 1603 3373 ita
1634 3332 1676 3372 A
1709 3335 1751 3373 1.
1787 3334 1827 3375 2.
1857 3333 1895 3372 Β
1915 3333 1955 3372 2.
1987 3334 2097 3381 1113
2129 3331 2248 3380 fugit
2275 3333 2413 3371 ceteri.

181 3389 229 3441 k)
260 3393 325 3432 ita
355 3393 400 3433 A
433 3395 477 3434 2.
528 3392 564 3433 C
595 3390 655 3435 ⁸1.
705 3396 746 3434 D
782 3396 820 3435 1.
865 3396 902 3434 F
937 3397 988 3445 13
1036 3395 1273 3435 Retiorum
1305 3393 1340 3433 O
1373 3396 1411 3434 2.
1441 3394 1480 3433 F
1511 3394 1554 3432 4.
1601 3392 1642 3433 G
1675 3394 1716 3433 1.
1751 3392 1791 3434 2.
1823 3391 1962 3441 ba.c;
2010 3391 2277 3430 Rhetiorum
2307 3390 2331 3430 1
2364 3392 2413 3441 23

179 3450 434 3492 Rethorum
465 3452 506 3491 B
540 3453 580 3491 2.
611 3454 650 3493 E
686 3455 739 3503 13
782 3454 1031 3493 Rhetorum
1076 3453 1118 3493 A
1151 3454 1190 3495 8.
1225 3455 1267 3493 D
1299 3454 1340 3493 3.
1373 3454 1410 3491 F
1443 3452 1494 3502 53
1541 3452 1789 3492 Rectorum
1833 3449 1875 3489 A
1905 3451 1958 3499 43
2002 3450 2243 3489 Retrorum
2290 3449 2325 3490 G
2359 3452 2413 3500 1;

175 3510 435 3551 Rotharum
467 3511 526 3551 H.
677 3512 710 3562 1)
740 3512 971 3562 Theudep.
1016 3512 1058 3552 A
1093 3516 1140 3563 13
1186 3512 1409 3562 Theudip.
1462 3514 1501 3551 G
1534 3514 1585 3560 2;
1631 3510 1825 3559 Teudip.
1855 3510 1891 3547 P
1925 3511 1965 3550 1.
2001 3508 2042 3549 G
2073 3511 2114 3550 1.
2149 3509 2200 3558 83
2247 3510 2413 3559 Teutp.

177 3568 214 3608 G
248 3571 301 3620 13
333 3569 577 3611 Theudeb.
610 3571 652 3609 D
685 3573 738 3619 23
771 3571 1000 3612 Theodeb.
1031 3573 1074 3611 D
1109 3573 1149 3611 3.
1268 3568 1332 3621 m)
1367 3581 1506 3619 quam
1535 3570 1573 3608 F
1608 3573 1649 3611 1.
1684 3568 1781 3609 Gl.
1818 3569 1856 3609 2.
1888 3568 1911 3607 I
1944 3569 1998 3617 23
2029 3568 2079 3607 in
2111 3578 2153 3615 q.
2188 3568 2275 3610 άω.
2306 3569 2414 3618 Β2;

179 3639 318 3677 quam
330 3629 387 3671 A.
421 3630 696 3678 confugerat
713 3630 763 3670 Ο.
782 3630 850 3680 D3
881 3641 1019 3681 quam
1050 3631 1104 3670 A.
1135 3630 1370 3679 fugeratF
1386 3631 1429 3670 4.
1451 3628 1587 3678 G5a3
1620 3638 1757 3677 quam
1788 3626 1843 3668 A.
1878 3626 2023 3667 filium
2053 3627 2279 3667 invadens
2314 3628 2353 3667 G
2371 3628 2412 3668 2.

178 3686 227 3737 n)
261 3687 463 3738 Sigispr.
509 3686 547 3726 A
581 3688 632 3737 33
678 3686 867 3738 sigisbr.
914 3691 956 3729 D
990 3691 1039 3739 33
1087 3689 1255 3737 sigibr.
1287 3688 1322 3729 0
1356 3690 1396 3727 1.
1443 3689 1485 3727 D
1520 3689 1560 3727 2.
1596 3687 1635 3727 G
1665 3687 1707 3731 4.
1738 3687 1763 3726 I
1795 3688 1836 3727 1.
1870 3688 1912 3737 2,
1942 3686 2045 3735 αῐὶίς
2086 3685 2271 3735 silgibr.
2304 3686 2339 3726 C
2373 3688 2413 3727 2.

173 3743 222 3796 ο)
251 3748 639 3797 omnipotensque
670 3746 711 3786 A
742 3749 783 3787 2.
933 3746 983 3798 p)
1015 3748 1204 3797 Liudpr.
1235 3749 1300 3787 vel
1328 3747 1517 3787 Liudbr.
1552 3745 1593 3786 G
1624 3747 1673 3795 23
1719 3746 1878 3795 Liupr.
1910 3745 1974 3784 vel
2002 3746 2184 3795 Liutpr.
2218 3745 2259 3785 G
2290 3746 2329 3785 3.
2360 3746 2414 3795 43

175 3802 365 3845 Liudbr.
399 3806 468 3845 vel
496 3805 682 3847 Leutbr.
716 3805 750 3846 C
785 3809 824 3846 1.
946 3805 992 3857 q)
1026 3808 1275 3847 custodiam
1307 3805 1342 3845 C
1374 3803 1437 3849 ⁸1.
1468 3807 1510 3847 1.
1542 3805 1585 3844 D
1620 3805 1678 3845 1⁴?
1711 3801 1969 3856 (custodia).
2000 3806 2054 3844 F.
2088 3805 2145 3847 G.
2174 3805 2197 3844 1
2229 3806 2270 3855 2,
2300 3805 2415 3854 quod

178 3864 226 3902 in
255 3866 489 3914 archetypo
509 3864 653 3912 fuine
675 3866 884 3913 putarim.
1017 3862 1058 3915 r)
1091 3867 1200 3905 deest
1233 3865 1268 3906 C
1298 3861 1360 3904 ·1.
1397 3866 1436 3904 1.
1575 3861 1615 3915 e)
1646 3864 1756 3901 deest
1785 3864 1821 3902 F
1855 3865 1895 3903 1.
2042 3861 2077 3914 t)
2111 3867 2270 3903 nutum
2300 3864 2336 3901 F
2372 3865 2413 3904 1.

181 3920 229 3973 u)
275 3922 532 3963 adventum
605 3923 646 3964 G
677 3925 699 3962 1
722 3924 834 3965 -4,
1011 3921 1058 3974 v)
1107 3924 1453 3964 'theoderadam
1513 3924 1555 3963 D
1589 3923 1631 3963 3.
1694 3921 1735 3962 G
1767 3923 1815 3972 ὃς
1889 3922 2190 3963 Theoderada.
2255 3921 2297 3961 A
2329 3917 2411 3971 ’ὃς

177 3980 524 4021 Theoderatam
554 3980 597 4021 A
627 3983 677 4031 ὃς
709 3982 1058 4023 'theuderadam
1104 3983 1139 4024 0
1174 3985 1212 4022 1.
1360 3980 1421 4031 w)
1455 3981 1789 4032 conprehendit
1814 3981 1853 4019 F
1887 3982 1925 4020 1.
2074 3979 2123 4031 x)
2155 3982 2264 4019 deest
2294 3979 2335 4019 A
2370 3980 2410 4021 2.

175 4036 225 4089 y)
259 4051 431 4081 nanum
465 4040 507 4081 G
540 4042 670 4082 1-3.
862 4038 906 4093 z)
936 4041 1095 4081 Arona.
1137 4044 1176 4082 B
1209 4042 1260 4091 23
1304 4041 1498 4081 Auruna.
1527 4041 1563 4079 F
1596 4041 1647 4090 23
1690 4040 1871 4079 Aurora
1902 4039 1943 4080 G
1975 4041 2045 4079 ba.
2225 4035 2269 4087 a)
2303 4038 2413 4077 decet

183 4097 225 4137 G
255 4102 295 4141 3.
327 4100 374 4141 4.
557 4097 606 4150 b)
653 4098 816 4141 Auscis
861 4112 975 4142 corr.
1020 4099 1216 4141 Anschis
1261 4100 1299 4139 1³·
1334 4101 1374 4140 1.
1425 4099 1466 4139 G
1491 4098 1549 4137 1¹?
1597 4100 1761 4139 Auscis
1806 4099 1844 4138 B
1879 4099 1920 4138 2.
1967 4098 2003 4136 F
2034 4093 2094 4136 ‘2.
2128 4097 2178 4145 33
2238 4096 2411 4137 Auchis

177 4156 221 4195 A
251 4158 298 4197 4.
332 4156 375 4198 G
408 4158 465 4207 33
496 4156 634 4198 Ansis
663 4158 702 4197 F
734 4161 785 4209 23
830 4160 1021 4200 Ansichi
1049 4158 1092 4199 A
1123 4156 1198 4209 ’ὃς
1243 4157 1466 4199 Ansechis
1497 4158 1536 4197 E
1572 4159 1624 4208 13
1669 4157 1945 4205 Ansegissus
1975 4155 2018 4194 D
2052 4156 2093 4195 2.
2246 4154 2291 4205 c)
2318 4155 2410 4195 An-

176 4215 371 4276 chisesp)
404 4218 444 4257 F
478 4218 520 4257 1.
555 4216 598 4257 G
630 4220 668 4258 1.

181 4376 236 4440 1)
281 4375 613 4428 C'Iziavemza.

2434 1022 2450 1039 ⁸
2468 1037 2513 1075 p.
2551 1026 2649 1069 172.
