2984 4917
544 441 614 493 36
1003 443 1222 494 pamm
1261 406 1615 494 msTomA'
1651 441 2325 494 LANGOBARDORUM.

544 613 969 678 antecedunt:
1035 611 1454 694 ‘E'aecerptum
1512 630 1592 673 eoe
1660 609 1909 684 Orosio‚
1974 609 2432 673 Historiarum
2488 610 2649 674 Pom
2700 614 2787 698 eji

547 699 745 783 Droyi
773 698 1061 782 epitome,
1094 695 1196 758 De
1224 715 1338 757 sex
1369 693 1711 771 aetatibus,
1740 693 2076 778 Eoecerpta
2119 715 2200 756 ete
2230 694 2549 758 chronica
2646 718 2785 760 use·

543 783 657 862 bii,
701 803 781 845 ecc
824 781 1033 844 Eutro
1092 780 1173 858 io,
1229 777 1479 857 Orosi0,
1536 798 1616 839 ex
1666 775 2049 841 Cassiodori
2094 777 2378 841 historia
2418 780 2784 863 tripartita,

542 865 646 929 De
687 865 914 950 primo
975 886 1018 926 a
1065 870 1262 925 ventu
1315 859 1675 924 Gothorum
1729 861 1821 924 ad
1876 860 2143 924 Italiam
2200 871 2259 923 et
2308 862 2525 926 Roma
2569 873 2786 947 capta,

545 950 647 1011 De
688 947 922 1032 forma
988 968 1059 1008 re
1111 948 1166 1008 is
1231 942 1474 1008 Attilae
1538 966 1619 1008 eae
1680 942 1846 1008 libro
1902 944 2265 1026 Jordanis,
2331 945 2436 1009 De
2502 947 2787 1010 adventu

555 1027 955 1096 Oduachar’.
1046 969 1339 1104 &uorum
1394 1038 1647 1114 partem
1699 1051 1846 1091 cum
1900 1031 1977 1092 in
2034 1028 2253 1093 codice
2308 1038 2444 1092 tum
2494 1029 2787 1095 Chelten-

543 1116 841 1179 hamensi
897 1111 1125 1198 (infra
1171 1111 1232 1176 G
1268 1113 1342 1174 *3
1344 1115 1377 1192 )
1409 1115 1561 1198 jam
1618 1114 2036 1196 conjunctam
2092 1113 2337 1176 videret
2390 1113 2788 1196 Bethmann,

488 1199 496 1208 ’
544 1221 680 1262 non
723 1198 1006 1263 scribam
1064 1197 1501 1278 Veronensem,
1560 1196 1672 1260 sed
1726 1205 2051 1260 auctorem
2095 1218 2147 1259 s.
2192 1196 2307 1260 IX.
2352 1197 2452 1260 vel
2493 1198 2571 1261 X.
2616 1200 2791 1262 hanc

545 1284 926 1346 continuam
947 1280 1103 1366 fere
1144 1303 1365 1344 rerum
1400 1282 1793 1365 praesertim
1835 1281 1909 1343 in
1946 1279 2151 1343 Italia
2178 1289 2517 1380 qestarum
2545 1305 2791 1346 narra-

545 1369 783 1431 tionem
824 1366 1277 1451 composuisse,
1322 1366 1569 1428 statuit.
1637 1363 1973 1449 Inteyrum
2001 1363 2201 1427 Pauli
2246 1386 2281 1428 o
2324 1387 2411 1428 us
2456 1388 2606 1430 vero
2646 1390 2793 1430 cum

542 1452 639 1516 ibi
682 1473 815 1515 non
853 1450 1196 1529 invenerit,
1255 1447 1526 1512 aliunde
1577 1445 1685 1511 ille
1742 1450 1993 1528 sumsit,
2037 1470 2262 1533 eaeemp
2294 1472 2375 1512 ar
2418 1459 2492 1512 ut
2531 1451 2794 1514 videtur

542 1557 675 1598 non
719 1558 926 1598 unum
965 1542 1243 1612 secutus,
1287 1534 1404 1631 qui
1441 1553 1533 1615 pe
1578 1532 1695 1616 qui
1734 1531 1922 1595 modo
1962 1531 2054 1595 ad
2083 1533 2334 1597 codices
2363 1533 2437 1614 F}
2466 1533 2659 1599 modo
2707 1535 2796 1598 ad

547 1617 609 1682 G
657 1618 925 1682 accedat
977 1624 1332 1702 (excerptis
1421 1624 1669 1679 ortasse
1711 1616 1957 1678 codicis
2008 1613 2069 1678 G
2096 1613 2167 1677 *3
2210 1620 2430 1696 usus).
2528 1617 2794 1682 Indices

543 1702 733 1766 libris
765 1702 1146 1787 praemissi,
1194 1699 1307 1763 sed
1349 1702 1544 1763 etiam
1586 1698 1874 1784 sinyulis
1918 1699 2247 1784 capitibus
2296 1723 2794 1788 nonnumquam

549 1794 938 1871 argumenta
970 1784 1332 1868 adscripta.
1377 1782 1633 1847 Addita
1662 1792 1757 1844 est
1771 1792 2125 1867 praeterea
2152 1787 2559 1849 continuatio
2588 1808 2795 1872 usque

547 1871 637 1934 ad
683 1893 746 1934 a.
791 1869 934 1935 8-5.
982 1868 1281 1948 deducta,
1329 1866 1405 1931 de
1457 1868 1651 1952 cujus
1702 1875 1961 1930 auctore
2012 1890 2147 1930 non
2200 1877 2473 1932 constat.
2548 1867 2791 1934 Scriba

559 1953 942 2018 Veronensis
963 1973 1113 2015 vero
1136 1950 1321 2015 urbis
1351 1972 1511 2014 suae
1533 1950 1830 2014 Annales
1852 1972 2057 2036 usque
2081 1952 2173 2014 ad
2196 1975 2258 2014 a.
2287 1952 2470 2016 1181.
2500 1953 2619 2016 sub
2642 1956 2795 2034 'ecit,

545 2058 706 2123 quos
750 2037 875 2101 alii
921 2036 1009 2100 ad
1056 2058 1118 2098 a.
1166 2032 1346 2098 1223.
1407 2056 1613 2118 usque
1674 2036 2151 2098 continuarunt
2201 2035 2323 2121 (cf.
2368 2035 2496 2103 SS.
2541 2037 2612 2100 X
2708 2037 2795 2119 II,

533 2144 611 2206 p.
673 2121 767 2201 1),
833 2131 891 2185 et
950 2119 1090 2184 alia
1141 2118 1467 2204 quaedam
1522 2119 1599 2182 de
1656 2117 1831 2205 cyclo
1873 2117 2223 2203 paschali,
2298 2121 2379 2185 de
2446 2121 2795 2206 sepulchro

543 2206 840 2287 Domini,
908 2205 986 2268 de
1049 2205 1329 2268 victoria
1415 2202 1753 2267 Saladini.
1884 2202 2191 2289 Sinyulis
2262 2204 2422 2268 libri
2538 2207 2796 2270 artibus

530 2299 885 2374 praeterea
979 2289 1231 2352 icturae
1261 2296 1416 2350 sunt
1460 2286 1774 2372 adjectae,
1819 2288 1984 2350 satis
2029 2287 2358 2372 eleyanter
2403 2288 2448 2351 d
2507 2291 2791 2354 ineatae.

549 2372 804 2454 Codice,
877 2313 1035 2436 (lgm
1104 2373 1180 2435 in
1253 2369 1632 2435 bibliotheca
1692 2369 2225 2456 Heidelberyensi
2296 2372 2797 2454 adservabatur,

541 2457 822 2521 Freher1
868 2466 927 2519 et
970 2455 1214 2519 Gruter
1255 2457 1365 2518 usi
1405 2463 1577 2518 sunt.

714 2539 826 2625 (64
897 2540 1082 2604 1²4⁸.
1170 2538 1841 2602 Mediolanensis
1886 2538 2427 2603 bibliothecae
2472 2540 2795 2605 Brerae

544 2624 627 2686 A.
657 2624 743 2687 N.
901 2623 966 2703 V,
1010 2621 1124 2702 29,
1180 2622 1386 2685 chart.
1432 2645 1482 2685 s.
1527 2621 1700 2686 XVI.
1748 2623 1863 2702 in.,
1909 2622 2181 2686 eandem
2226 2646 2424 2708 quam
2467 2624 2597 2689 F4
2639 2648 2791 2690 con-

542 2709 974 2771 tinuationem
1064 2706 1297 2772 raebet.

712 2789 850 2880 (65)
898 2791 964 2854 F
1026 2839 1040 2854 .
1089 2788 1531 2854 ,Caesenas
1574 2789 2275 2870 Malatestianus,
2310 2790 2483 2874 plut.
2529 2791 2688 2872 XII,
2735 2793 2793 2872 5,

542 2877 847 2960 ‘scriptus
868 2895 996 2960 per
1023 2896 1122 2937 me
1149 2874 1470 2940 Jacobum
1504 2871 2008 2959 Peryulitanum
2038 2895 2172 2959 pro
2202 2897 2311 2937 ma
2359 2874 2555 2956 nifico
2588 2885 2648 2938 et
2671 2898 2791 2962 po-

541 2961 701 3024 tenti
743 2960 1006 3023 domino
1050 2958 1312 3023 domino
1359 2955 1713 3021 Malatesta
1757 2957 2033 3021 Novella
2077 2959 2155 3021 de
2186 2958 2303 3021 Ma
2334 2961 2556 3026 atestis
2600 2969 2660 3022 et
2707 2970 2795 3023 est

541 3065 677 3108 com
726 3042 887 3108 letus
931 3043 996 3106 d.
1039 3039 1101 3104 3.
1128 3042 1290 3108 Jan.
1325 3041 1525 3105 1454'.
1612 3041 1873 3104 Indices
1915 3040 2023 3105 lib.
2070 3041 2123 3104 I.
2169 3051 2228 3104 et
2271 3041 2361 3105 II.
2409 3042 2669 3121 desunt,
2724 3053 2795 3107 ut

539 3129 616 3191 in
745 3129 801 3209 1,
857 3149 1132 3213 quocum
1183 3126 1567 3211 plerumque
1629 3126 1963 3207 convenit;
2025 3126 2231 3189 aliam
2284 3147 2435 3190 vero
2495 3129 2791 3213 capitum

540 3211 926 3277 divisionem
969 3212 1277 3291 instituit,
1321 3232 1455 3273 non
1492 3231 1725 3294 pauca
1770 3209 2126 3274 arbitrarie
2166 3212 2447 3274 mutavit
2487 3220 2547 3275 et
2588 3211 2793 3274 Pauli

539 3319 889 3363 sermonem
940 3317 1139 3380 quam
1189 3296 1471 3358 maaeime
1525 3292 1932 3377 deformavit.
2034 3291 2219 3366 Quae
2278 3317 2321 3356 a
2372 3295 2791 3360 Bethmanno

538 3391 800 3446 enotata
839 3388 1125 3465 repetere
1167 3377 1400 3442 inutile
1443 3380 1658 3440 visum
1700 3385 1809 3440 est.

707 3462 940 3527 Plures
982 3483 1131 3525 vero
1183 3470 1442 3524 eaestant
1497 3459 1656 3524 libri
1695 3469 1829 3522 tam
1871 3468 2077 3524 aetate
2121 3484 2319 3545 quam
2373 3460 2599 3526 indole
2641 3484 2791 3527 con·-

540 3549 790 3633 spicui,
850 3549 966 3630 qui
1021 3545 1112 3608 ad
1155 3545 1221 3608 F
1241 3545 1276 3608 1
1381 3566 1539 3628 rope
1591 3544 1928 3624 accedunt,
1986 3565 2055 3608 eo
2099 3566 2248 3608 vero
2291 3546 2580 3610 maoeime
2612 3546 2790 3632 diffe-

538 3640 716 3712 runt,
762 3630 938 3716 quod
977 3629 1230 3692 indices
1272 3569 1593 3692 Ζίἷνοηιπι
1622 3628 1673 3691 I.
1720 3637 1779 3690 et
1806 3627 1897 3691 ΙΙ.
1928 3649 2009 3690 eoe
2036 3630 2328 3714 inqenio,
2368 3629 2531 3694 libri
2570 3631 2673 3694 VI.
2712 3651 2790 3695 ex

538 3716 671 3781 alio
700 3714 905 3779 Pauli
947 3713 1164 3777 codice
1183 3722 1340 3777 sunt
1367 3711 1672 3797 suppleti,
1681 3720 2037 3796 praeterea
2063 3711 2191 3776 loci
2218 3711 2527 3778 nonnulli
2556 3716 2794 3778 mutati

535 3809 594 3864 et
623 3799 1014 3885 plerumque
1059 3796 1428 3882 depravati.
1494 3797 1915 3860 Primaevum
1956 3796 2155 3881 hujus
2185 3797 2417 3861 classis
2448 3798 2789 3883 eaeemplar

521 3887 674 3970 jam
717 3882 1129 3968 deperditum
1173 3889 1304 3962 est;
1349 3882 1505 3944 inde
1550 3881 1833 3944 derivati
1874 3902 2023 3944 vero
2078 3882 2153 3944 in
2196 3880 2592 3946 bibliothecis
2631 3880 2787 3946 Ger-

534 3969 815 4032 manicis
869 3974 1133 4031 exstant
1189 3965 1423 4050 plures
1486 3963 1766 4044 codices,
1839 3967 1915 4029 in
1987 3962 2191 4027 Italia
2260 3987 2437 4028 unus
2507 3973 2786 4046 tantum,

523 4052 887 4138 posteriori
929 4059 1206 4134 tempore
1251 4048 1575 4112 advectus.

706 4135 845 4223 (66)
892 4133 953 4196 G
986 4134 1042 4197 1.
1145 4130 1621 4197 Giessensis
1680 4130 1804 4193 Nr.
1861 4129 2004 4211 688,
2067 4130 2218 4196 olim
2273 4131 2489 4198 ‘Liber
2547 4132 2786 4198 Sancti

534 4322 589 4383 1)
631 4317 779 4369 Idem
801 4317 1042 4382 fortasse
1093 4323 1184 4376 est,
1235 4331 1389 4380 quem
1436 4311 1644 4376 Mollem
1695 4311 1843 4362 Diss.
1892 4311 1959 4362 de
2008 4311 2180 4364 Paulo
2220 4313 2313 4377 D„
2362 4311 2559 4379 Altovf.
2620 4315 2783 4377 1646,

520 4410 582 4458 p.
625 4392 710 4454 21,
751 4389 1140 4442 Freherianwm
1181 4388 1392 4455 allegat.
