<?xml version="1.0" encoding="UTF-8"?>
<!DOCTYPE html PUBLIC "-//W3C//DTD XHTML 1.0 Transitional//EN"
    "http://www.w3.org/TR/xhtml1/DTD/xhtml1-transitional.dtd">
<html xmlns="http://www.w3.org/1999/xhtml" xml:lang="en" lang="en">
 <head>
  <title>
</title>
<meta http-equiv="Content-Type" content="text/html;charset=utf-8" />
  <meta name='ocr-system' content='tesseract 3.04.00' />
  <meta name='ocr-capabilities' content='ocr_page ocr_carea ocr_par ocr_line ocrx_word'/>
</head>
<body>
  <div class='ocr_page' id='page_1' title='image "./scriptoresrerum05unkngoog_0230.png"; bbox 0 0 2984 4917; ppageno 0'>
   <div class='ocr_carea' id='block_1_1' title="bbox 420 1155 520 1196">
    <p class='ocr_par' dir='ltr' id='par_1_1' title="bbox 420 1155 520 1196">
     <span class='ocr_line' id='line_1_1' title="bbox 420 1155 520 1196; baseline 0.02 -2"><span class='ocrx_word' id='word_1_1' title='bbox 420 1155 520 1196; x_wconf 75' lang='lat'><strong>701.</strong></span> 
     </span>
    </p>
   </div>
   <div class='ocr_carea' id='block_1_2' title="bbox 534 367 2509 427">
    <p class='ocr_par' dir='ltr' id='par_1_2' title="bbox 534 367 2509 427">
     <span class='ocr_line' id='line_1_2' title="bbox 534 367 2509 427; baseline -0.004 0"><span class='ocrx_word' id='word_1_2' title='bbox 534 376 641 427; x_wconf 80' lang='lat'>220</span> <span class='ocrx_word' id='word_1_3' title='bbox 826 374 1047 426; x_wconf 82' lang='lat' dir='ltr'><strong>PAULI</strong></span> <span class='ocrx_word' id='word_1_4' title='bbox 1086 371 1432 424; x_wconf 81' lang='lat' dir='ltr'>HISTORIA</span> <span class='ocrx_word' id='word_1_5' title='bbox 1475 367 2148 422; x_wconf 83' lang='lat' dir='ltr'>LANGOBARDORUM.</span> <span class='ocrx_word' id='word_1_6' title='bbox 2224 368 2367 422; x_wconf 92' lang='lat' dir='ltr'><strong>LIB.</strong></span> <span class='ocrx_word' id='word_1_7' title='bbox 2408 370 2509 421; x_wconf 88' lang='lat' dir='ltr'>VI.</span> 
     </span>
    </p>
   </div>
   <div class='ocr_carea' id='block_1_3' title="bbox 534 534 2785 1966">
    <p class='ocr_par' dir='ltr' id='par_1_3' title="bbox 534 534 2781 1047">
     <span class='ocr_line' id='line_1_3' title="bbox 534 534 2781 638; baseline -0.001 -32"><span class='ocrx_word' id='word_1_8' title='bbox 534 543 1043 622; x_wconf 84' lang='lat' dir='ltr'>Taurinensium,</span> <span class='ocrx_word' id='word_1_9' title='bbox 1089 562 1276 638; x_wconf 78' lang='lat' dir='ltr'>quem</span> <span class='ocrx_word' id='word_1_10' title='bbox 1294 549 1321 580; x_wconf 73' lang='lat'>⁸</span> <span class='ocrx_word' id='word_1_11' title='bbox 1366 537 1687 623; x_wconf 87' lang='lat' dir='ltr'>quondam</span> <span class='ocrx_word' id='word_1_12' title='bbox 1728 558 1846 600; x_wconf 84' lang='lat' dir='ltr'>rex</span> <span class='ocrx_word' id='word_1_13' title='bbox 1877 534 2267 621; x_wconf 78' lang='lat' dir='ltr'>Godipertus</span> <span class='ocrx_word' id='word_1_14' title='bbox 2282 538 2330 619; x_wconf 77' lang='lat'>¹³,</span> <span class='ocrx_word' id='word_1_15' title='bbox 2378 558 2523 601; x_wconf 90' lang='lat' dir='ltr'>cum</span> <span class='ocrx_word' id='word_1_16' title='bbox 2567 539 2781 603; x_wconf 80' lang='lat' dir='ltr'>extin-</span> 
     </span>
     <span class='ocr_line' id='line_1_4' title="bbox 534 618 2781 768; baseline -0.003 -77"><span class='ocrx_word' id='word_1_17' title='bbox 534 636 838 713; x_wconf 87' lang='lat' dir='ltr'>gueretur</span> <span class='ocrx_word' id='word_1_18' title='bbox 891 638 970 689; x_wconf 62' lang='lat' dir='ltr'>ac</span> <span class='ocrx_word' id='word_1_19' title='bbox 1029 621 1424 704; x_wconf 85' lang='lat' dir='ltr'>Gr1muald0,</span> <span class='ocrx_word' id='word_1_20' title='bbox 1479 620 1822 768; x_wconf 52' lang='lat' dir='ltr'>relitiluerat</span> <span class='ocrx_word' id='word_1_21' title='bbox 1838 620 1866 661; x_wconf 63' lang='grc' dir='ltr'><strong>ἅ</strong></span> <span class='ocrx_word' id='word_1_22' title='bbox 1933 618 2270 706; x_wconf 84' lang='lat' dir='ltr'>parvolum</span> <span class='ocrx_word' id='word_1_23' title='bbox 2286 632 2331 701; x_wconf 65' lang='grc' dir='ltr'>θ,</span> <span class='ocrx_word' id='word_1_24' title='bbox 2385 622 2468 687; x_wconf 88' lang='lat' dir='ltr'>de</span> <span class='ocrx_word' id='word_1_25' title='bbox 2524 644 2654 708; x_wconf 90' lang='lat' dir='ltr'>quo</span> <span class='ocrx_word' id='word_1_26' title='bbox 2716 632 2781 686; x_wconf 82' lang='lat' dir='ltr'>et</span> 
     </span>
     <span class='ocr_line' id='line_1_5' title="bbox 535 703 2778 796; baseline -0.002 -21"><span class='ocrx_word' id='word_1_27' title='bbox 535 711 830 796; x_wconf 89' lang='lat' dir='ltr'>superius</span> <span class='ocrx_word' id='word_1_28' title='bbox 893 709 1174 772; x_wconf 83' lang='lat' dir='ltr'>diximus</span> <span class='ocrx_word' id='word_1_29' title='bbox 1195 721 1249 788; x_wconf 84' lang='lat'>¹,</span> <span class='ocrx_word' id='word_1_30' title='bbox 1316 728 1464 770; x_wconf 90' lang='lat' dir='ltr'>cum</span> <span class='ocrx_word' id='word_1_31' title='bbox 1528 726 1611 769; x_wconf 85' lang='lat' dir='ltr'>va</span> <span class='ocrx_word' id='word_1_32' title='bbox 1636 704 1741 768; x_wconf 85' lang='lat' dir='ltr'>&#39;da</span> <span class='ocrx_word' id='word_1_33' title='bbox 1803 725 2001 768; x_wconf 87' lang='lat' dir='ltr'>manu</span> <span class='ocrx_word' id='word_1_34' title='bbox 2021 703 2043 746; x_wconf 73' lang='lat' dir='ltr'>f</span> <span class='ocrx_word' id='word_1_35' title='bbox 2119 705 2400 788; x_wconf 86' lang='lat' dir='ltr'>veniens,</span> <span class='ocrx_word' id='word_1_36' title='bbox 2462 705 2778 770; x_wconf 83' lang='lat' dir='ltr'>adversus</span> 
     </span>
     <span class='ocr_line' id='line_1_6' title="bbox 537 787 2779 880; baseline -0.002 -22"><span class='ocrx_word' id='word_1_37' title='bbox 537 792 990 880; x_wconf 87' lang='lat' dir='ltr'>Ansprandum</span> <span class='ocrx_word' id='word_1_38' title='bbox 1055 799 1117 856; x_wconf 88' lang='lat' dir='ltr'>et</span> <span class='ocrx_word' id='word_1_39' title='bbox 1169 790 1506 854; x_wconf 69' lang='lat' dir='ltr'>Rotharits</span> <span class='ocrx_word' id='word_1_40' title='bbox 1558 788 2087 874; x_wconf 88' lang='lat' dir='ltr'>Bergomensium</span> <span class='ocrx_word' id='word_1_41' title='bbox 2150 787 2381 852; x_wconf 89' lang='lat' dir='ltr'>ducem</span> <span class='ocrx_word' id='word_1_42' title='bbox 2444 796 2605 875; x_wconf 82' lang='lat' dir='ltr'>aput</span> <span class='ocrx_word' id='word_1_43' title='bbox 2644 789 2779 853; x_wconf 88' lang='lat' dir='ltr'>No-</span> 
     </span>
     <span class='ocr_line' id='line_1_7' title="bbox 536 873 2779 958; baseline -0.002 -15"><span class='ocrx_word' id='word_1_44' title='bbox 536 878 788 943; x_wconf 75' lang='lat' dir='ltr'>variash</span> <span class='ocrx_word' id='word_1_45' title='bbox 854 874 1168 957; x_wconf 86' lang='lat' dir='ltr'>conflixit,</span> <span class='ocrx_word' id='word_1_46' title='bbox 1249 895 1485 958; x_wconf 90' lang='lat' dir='ltr'>eosque</span> <span class='ocrx_word' id='word_1_47' title='bbox 1550 874 1617 937; x_wconf 93' lang='lat' dir='ltr'>in</span> <span class='ocrx_word' id='word_1_48' title='bbox 1680 873 1937 958; x_wconf 80' lang='lat' dir='ltr'>campoi</span> <span class='ocrx_word' id='word_1_49' title='bbox 2017 894 2437 958; x_wconf 82' lang='lat' dir='ltr'>exsuperans,</span> <span class='ocrx_word' id='word_1_50' title='bbox 2501 896 2779 958; x_wconf 83' lang='lat' dir='ltr'>regnum</span> 
     </span>
     <span class='ocr_line' id='line_1_8' title="bbox 537 956 2589 1047; baseline -0.004 -20"><span class='ocrx_word' id='word_1_51' title='bbox 537 959 1112 1047; x_wconf 83' lang='lat' dir='ltr'><strong>Langobardorum</strong></span> <span class='ocrx_word' id='word_1_52' title='bbox 1153 959 1404 1022; x_wconf 85' lang='lat' dir='ltr'>invasit.</span> <span class='ocrx_word' id='word_1_53' title='bbox 1493 956 1623 1021; x_wconf 69' lang='lat' dir='ltr'>Sed</span> <span class='ocrx_word' id='word_1_54' title='bbox 1667 957 1892 1021; x_wconf 89' lang='lat' dir='ltr'>eodem</span> <span class='ocrx_word' id='word_1_55' title='bbox 1934 978 2100 1020; x_wconf 87' lang='lat' dir='ltr'>anno</span> <span class='ocrx_word' id='word_1_56' title='bbox 2143 966 2431 1021; x_wconf 84' lang='lat' dir='ltr'>mortuus</span> <span class='ocrx_word' id='word_1_57' title='bbox 2475 966 2589 1021; x_wconf 87' lang='lat' dir='ltr'>est.</span> 
     </span>
    </p>

    <p class='ocr_par' dir='ltr' id='par_1_4' title="bbox 536 1040 2780 1529">
     <span class='ocr_line' id='line_1_9' title="bbox 712 1040 2777 1127; baseline -0.001 -19"><span class='ocrx_word' id='word_1_58' title='bbox 712 1045 858 1109; x_wconf 74' lang='grc' dir='ltr'>19.ιι</span> <span class='ocrx_word' id='word_1_59' title='bbox 945 1044 1130 1107; x_wconf 87' lang='lat' dir='ltr'>Tunc</span> <span class='ocrx_word' id='word_1_60' title='bbox 1193 1041 1360 1107; x_wconf 86' lang='lat' dir='ltr'>filius</span> <span class='ocrx_word' id='word_1_61' title='bbox 1415 1041 1549 1105; x_wconf 90' lang='lat' dir='ltr'>eius</span> <span class='ocrx_word' id='word_1_62' title='bbox 1599 1040 1859 1125; x_wconf 85' lang='lat' dir='ltr'>Aripert</span> <span class='ocrx_word' id='word_1_63' title='bbox 1908 1041 2169 1105; x_wconf 86' lang='lat' dir='ltr'>iterum¹</span> <span class='ocrx_word' id='word_1_64' title='bbox 2227 1040 2463 1105; x_wconf 89' lang='lat' dir='ltr'>bellum</span> <span class='ocrx_word' id='word_1_65' title='bbox 2517 1063 2777 1127; x_wconf 70' lang='lat' dir='ltr'>parans,</span> 
     </span>
     <span class='ocr_line' id='line_1_10' title="bbox 539 1123 2777 1215; baseline -0.001 -23"><span class='ocrx_word' id='word_1_66' title='bbox 539 1151 629 1215; x_wconf 94' lang='lat' dir='ltr'>pu</span> <span class='ocrx_word' id='word_1_67' title='bbox 721 1129 856 1192; x_wconf 85' lang='lat' dir='ltr'>avit</span> <span class='ocrx_word' id='word_1_68' title='bbox 877 1149 1024 1190; x_wconf 87' lang='lat' dir='ltr'>cum</span> <span class='ocrx_word' id='word_1_69' title='bbox 1051 1127 1384 1211; x_wconf 85' lang='lat' dir='ltr'>Liutperto</span> <span class='ocrx_word' id='word_1_70' title='bbox 1413 1148 1564 1211; x_wconf 87' lang='lat' dir='ltr'>rege</span> <span class='ocrx_word' id='word_1_71' title='bbox 1584 1135 1742 1210; x_wconf 85' lang='lat' dir='ltr'>aput</span> <span class='ocrx_word' id='word_1_72' title='bbox 1761 1125 2059 1189; x_wconf 81' lang='lat' dir='ltr'><strong>Ticinum</strong></span> <span class='ocrx_word' id='word_1_73' title='bbox 2082 1146 2231 1188; x_wconf 87' lang='lat' dir='ltr'>cum</span> <span class='ocrx_word' id='word_1_74' title='bbox 2276 1146 2357 1187; x_wconf 92' lang='lat' dir='ltr'>ue</span> <span class='ocrx_word' id='word_1_75' title='bbox 2387 1123 2777 1210; x_wconf 85' lang='lat' dir='ltr'>Ansprando</span> 
     </span>
     <span class='ocr_line' id='line_1_11' title="bbox 577 1151 2780 1277; baseline -0.002 0"><span class='ocrx_word' id='word_1_76' title='bbox 577 1222 604 1277; x_wconf 87' lang='lat' dir='ltr'>t</span> <span class='ocrx_word' id='word_1_77' title='bbox 631 1151 886 1277; x_wconf 56' lang='lat' dir='ltr'>{tionem</span> <span class='ocrx_word' id='word_1_78' title='bbox 917 1222 980 1276; x_wconf 86' lang='lat' dir='ltr'>et</span> <span class='ocrx_word' id='word_1_79' title='bbox 1008 1212 1322 1275; x_wconf 75' lang='lat' dir='ltr'>Tatzonen</span> <span class='ocrx_word' id='word_1_80' title='bbox 1359 1230 1612 1274; x_wconf 85' lang='lat' dir='ltr'>necnon</span> <span class='ocrx_word' id='word_1_81' title='bbox 1640 1218 1702 1272; x_wconf 85' lang='lat' dir='ltr'>et</span> <span class='ocrx_word' id='word_1_82' title='bbox 1727 1208 2058 1273; x_wconf 85' lang='lat' dir='ltr'>Rotharit⁰</span> <span class='ocrx_word' id='word_1_83' title='bbox 2102 1230 2179 1273; x_wconf 86' lang='lat' dir='ltr'>ac</span> <span class='ocrx_word' id='word_1_84' title='bbox 2266 1221 2555 1273; x_wconf 73' lang='lat' dir='ltr'>araonel&#39;.</span> <span class='ocrx_word' id='word_1_85' title='bbox 2644 1209 2780 1274; x_wconf 88' lang='lat' dir='ltr'>Sed</span> 
     </span>
     <span class='ocr_line' id='line_1_12' title="bbox 539 1291 2780 1378; baseline -0.002 -17"><span class='ocrx_word' id='word_1_86' title='bbox 539 1319 759 1361; x_wconf 91' lang='lat' dir='ltr'>omnes</span> <span class='ocrx_word' id='word_1_87' title='bbox 801 1295 916 1359; x_wconf 91' lang='lat' dir='ltr'>hos</span> <span class='ocrx_word' id='word_1_88' title='bbox 933 1307 962 1349; x_wconf 74' lang='lat'>‘1</span> <span class='ocrx_word' id='word_1_89' title='bbox 1014 1293 1180 1359; x_wconf 89' lang='lat' dir='ltr'>bello</span> <span class='ocrx_word' id='word_1_90' title='bbox 1224 1315 1636 1378; x_wconf 83' lang='lat' dir='ltr'>exsuperans,</span> <span class='ocrx_word' id='word_1_91' title='bbox 1690 1293 2094 1378; x_wconf 83' lang='lat' dir='ltr'>Liutpertum</span> <span class='ocrx_word' id='word_1_92' title='bbox 2136 1291 2513 1356; x_wconf 84' lang='lat' dir='ltr'>infantulum</span> <span class='ocrx_word' id='word_1_93' title='bbox 2552 1295 2780 1358; x_wconf 87' lang='lat' dir='ltr'>vivum</span> 
     </span>
     <span class='ocr_line' id='line_1_13' title="bbox 536 1376 2779 1463; baseline -0.001 -19"><span class='ocrx_word' id='word_1_94' title='bbox 536 1382 604 1445; x_wconf 89' lang='lat' dir='ltr'>in</span> <span class='ocrx_word' id='word_1_95' title='bbox 625 1378 830 1445; x_wconf 64' lang='lat' dir='ltr'>bellot</span> <span class='ocrx_word' id='word_1_96' title='bbox 855 1378 1310 1463; x_wconf 81' lang='lat' dir='ltr'>conprehendit</span> <span class='ocrx_word' id='word_1_97' title='bbox 1327 1389 1370 1441; x_wconf 85' lang='lat'>².</span> <span class='ocrx_word' id='word_1_98' title='bbox 1421 1376 1767 1462; x_wconf 85' lang='lat' dir='ltr'>Ansprand</span> <span class='ocrx_word' id='word_1_99' title='bbox 1792 1398 2043 1463; x_wconf 89' lang='lat' dir='ltr'>quoque</span> <span class='ocrx_word' id='word_1_100' title='bbox 2064 1376 2334 1461; x_wconf 85' lang='lat' dir='ltr'>fugiens,</span> <span class='ocrx_word' id='word_1_101' title='bbox 2370 1377 2440 1439; x_wconf 91' lang='lat' dir='ltr'>in</span> <span class='ocrx_word' id='word_1_102' title='bbox 2460 1376 2779 1441; x_wconf 79' lang='lat' dir='ltr'>insulam⁸</span> 
     </span>
     <span class='ocr_line' id='line_1_14' title="bbox 537 1462 1598 1529; baseline -0.006 0"><span class='ocrx_word' id='word_1_103' title='bbox 537 1487 605 1529; x_wconf 89' lang='lat' dir='ltr'>se</span> <span class='ocrx_word' id='word_1_104' title='bbox 652 1464 1137 1529; x_wconf 84' lang='lat' dir='ltr'>Oommacinam</span> <span class='ocrx_word' id='word_1_105' title='bbox 1181 1462 1598 1526; x_wconf 86' lang='lat' dir='ltr'>conmunivit.</span> 
     </span>
    </p>

    <p class='ocr_par' dir='ltr' id='par_1_5' title="bbox 535 1543 2785 1966">
     <span class='ocr_line' id='line_1_15' title="bbox 709 1543 2780 1629; baseline -0.002 -17"><span class='ocrx_word' id='word_1_106' title='bbox 709 1549 811 1612; x_wconf 74' lang='lat'>20.</span> <span class='ocrx_word' id='word_1_107' title='bbox 897 1546 986 1610; x_wconf 84' lang='lat' dir='ltr'>At</span> <span class='ocrx_word' id='word_1_108' title='bbox 1026 1567 1178 1610; x_wconf 86' lang='lat' dir='ltr'>vero</span> <span class='ocrx_word' id='word_1_109' title='bbox 1221 1544 1549 1609; x_wconf 63' lang='lat' dir='ltr'>Rotharitt</span> <span class='ocrx_word' id='word_1_110' title='bbox 1605 1543 1739 1607; x_wconf 88' lang='lat' dir='ltr'>dux</span> <span class='ocrx_word' id='word_1_111' title='bbox 1784 1544 2171 1629; x_wconf 84' lang='lat' dir='ltr'>Bergamum</span> <span class='ocrx_word' id='word_1_112' title='bbox 2225 1545 2548 1609; x_wconf 84' lang='lat' dir='ltr'>civitatem</span> <span class='ocrx_word' id='word_1_113' title='bbox 2591 1565 2780 1608; x_wconf 83' lang='lat' dir='ltr'>suam</span> 
     </span>
     <span class='ocr_line' id='line_1_16' title="bbox 537 1626 2779 1714; baseline -0.002 -18"><span class='ocrx_word' id='word_1_114' title='bbox 537 1632 789 1697; x_wconf 90' lang='lat' dir='ltr'>rediens</span> <span class='ocrx_word' id='word_1_115' title='bbox 807 1680 823 1708; x_wconf 91' lang='lat'>,</span> <span class='ocrx_word' id='word_1_116' title='bbox 887 1651 1155 1713; x_wconf 85' lang='lat' dir='ltr'>regnum</span> <span class='ocrx_word' id='word_1_117' title='bbox 1212 1629 1339 1693; x_wconf 85' lang='lat' dir='ltr'>arri</span> <span class='ocrx_word' id='word_1_118' title='bbox 1387 1630 1502 1692; x_wconf 83' lang='lat' dir='ltr'>uit.</span> <span class='ocrx_word' id='word_1_119' title='bbox 1611 1626 1849 1692; x_wconf 78' lang='lat' dir='ltr'>Contra</span> <span class='ocrx_word' id='word_1_120' title='bbox 1907 1650 2097 1713; x_wconf 91' lang='lat' dir='ltr'>quem</span> <span class='ocrx_word' id='word_1_121' title='bbox 2150 1650 2266 1691; x_wconf 88' lang='lat' dir='ltr'>rex</span> <span class='ocrx_word' id='word_1_122' title='bbox 2314 1628 2575 1714; x_wconf 85' lang='lat' dir='ltr'>Aripert</span> <span class='ocrx_word' id='word_1_123' title='bbox 2625 1650 2779 1691; x_wconf 89' lang='lat' dir='ltr'>cum</span> 
     </span>
     <span class='ocr_line' id='line_1_17' title="bbox 535 1713 2783 1799; baseline -0.001 -20"><span class='ocrx_word' id='word_1_124' title='bbox 535 1727 816 1799; x_wconf 76' lang='lat' dir='ltr'>magnou</span> <span class='ocrx_word' id='word_1_125' title='bbox 869 1714 1155 1779; x_wconf 87' lang='lat' dir='ltr'>exercitu</span> <span class='ocrx_word' id='word_1_126' title='bbox 1207 1735 1322 1797; x_wconf 90' lang='lat' dir='ltr'>pro</span> <span class='ocrx_word' id='word_1_127' title='bbox 1372 1714 1636 1792; x_wconf 91' lang='lat' dir='ltr'>ciscens,</span> <span class='ocrx_word' id='word_1_128' title='bbox 1687 1723 2054 1798; x_wconf 76' lang='lat' dir='ltr'>expugnata</span> <span class='ocrx_word' id='word_1_129' title='bbox 2106 1713 2383 1797; x_wconf 87' lang='lat' dir='ltr'>primum</span> <span class='ocrx_word' id='word_1_130' title='bbox 2434 1722 2496 1776; x_wconf 85' lang='lat' dir='ltr'>et</span> <span class='ocrx_word' id='word_1_131' title='bbox 2545 1721 2783 1798; x_wconf 77' lang='lat' dir='ltr'>captav</span> 
     </span>
     <span class='ocr_line' id='line_1_18' title="bbox 535 1795 2785 1882; baseline 0 -21"><span class='ocrx_word' id='word_1_132' title='bbox 535 1798 757 1863; x_wconf 84' lang='lat' dir='ltr'>Laude</span> <span class='ocrx_word' id='word_1_133' title='bbox 773 1812 835 1880; x_wconf 74' lang='lat' dir='ltr'>W,</span> <span class='ocrx_word' id='word_1_134' title='bbox 899 1798 1286 1882; x_wconf 81' lang='lat' dir='ltr'>Bergamum</span> <span class='ocrx_word' id='word_1_135' title='bbox 1351 1795 1677 1877; x_wconf 86' lang='lat' dir='ltr'>obsedit¹,</span> <span class='ocrx_word' id='word_1_136' title='bbox 1756 1818 2023 1881; x_wconf 87' lang='lat' dir='ltr'>eamque</span> <span class='ocrx_word' id='word_1_137' title='bbox 2041 1808 2073 1850; x_wconf 73' lang='lat' dir='ltr'>Y</span> <span class='ocrx_word' id='word_1_138' title='bbox 2138 1818 2282 1859; x_wconf 90' lang='lat' dir='ltr'>cum</span> <span class='ocrx_word' id='word_1_139' title='bbox 2345 1798 2649 1862; x_wconf 85' lang='lat' dir='ltr'>arietibus</span> <span class='ocrx_word' id='word_1_140' title='bbox 2718 1807 2785 1862; x_wconf 85' lang='lat' dir='ltr'>et</span> 
     </span>
     <span class='ocr_line' id='line_1_19' title="bbox 539 1878 2783 1966; baseline -0 -19"><span class='ocrx_word' id='word_1_141' title='bbox 539 1882 808 1947; x_wconf 86' lang='lat' dir='ltr'>diversis</span> <span class='ocrx_word' id='word_1_142' title='bbox 851 1880 1002 1946; x_wconf 92' lang='lat' dir='ltr'>belli</span> <span class='ocrx_word' id='word_1_143' title='bbox 1021 1893 1044 1923; x_wconf 84' lang='lat' dir='ltr'>z</span> <span class='ocrx_word' id='word_1_144' title='bbox 1097 1880 1404 1944; x_wconf 86' lang='lat' dir='ltr'>machinis</span> <span class='ocrx_word' id='word_1_145' title='bbox 1423 1882 1450 1911; x_wconf 69' lang='lat'>&#39;⁸</span> <span class='ocrx_word' id='word_1_146' title='bbox 1508 1880 1642 1943; x_wconf 93' lang='lat' dir='ltr'>sine</span> <span class='ocrx_word' id='word_1_147' title='bbox 1700 1878 1914 1966; x_wconf 87' lang='lat' dir='ltr'>aliqua</span> <span class='ocrx_word' id='word_1_148' title='bbox 1971 1879 2340 1944; x_wconf 86' lang='lat' dir='ltr'>difficultate</span> <span class='ocrx_word' id='word_1_149' title='bbox 2394 1903 2783 1966; x_wconf 84' lang='lat' dir='ltr'>expugnans</span> 
     </span>
    </p>
   </div>
   <div class='ocr_carea' id='block_1_4' title="bbox 599 2016 1675 2084">
    <p class='ocr_par' dir='ltr' id='par_1_6' title="bbox 599 2016 1675 2084">
     <span class='ocr_line' id='line_1_20' title="bbox 599 2016 1675 2084; baseline 0.001 -17"><span class='ocrx_word' id='word_1_150' title='bbox 599 2016 647 2084; x_wconf 70' lang='lat'>²⁸)</span> <span class='ocrx_word' id='word_1_151' title='bbox 686 2017 744 2067; x_wconf 82' lang='lat' dir='ltr'>id</span> <span class='ocrx_word' id='word_1_152' title='bbox 785 2024 866 2069; x_wconf 86' lang='lat' dir='ltr'>est</span> <span class='ocrx_word' id='word_1_153' title='bbox 904 2034 1026 2068; x_wconf 90' lang='lat' dir='ltr'>cum</span> <span class='ocrx_word' id='word_1_154' title='bbox 1066 2016 1328 2067; x_wconf 87' lang='lat' dir='ltr'>manculis</span> <span class='ocrx_word' id='word_1_155' title='bbox 1370 2016 1497 2069; x_wconf 83' lang='lat' dir='ltr'>adol.</span> <span class='ocrx_word' id='word_1_156' title='bbox 1538 2017 1583 2066; x_wconf 91' lang='lat' dir='ltr'>L</span> <span class='ocrx_word' id='word_1_157' title='bbox 1628 2019 1675 2068; x_wconf 91' lang='lat'>1.</span> 
     </span>
    </p>
   </div>
   <div class='ocr_carea' id='block_1_5' title="bbox 537 2142 2787 2255">
    <p class='ocr_par' dir='ltr' id='par_1_7' title="bbox 537 2142 2787 2255">
     <span class='ocr_line' id='line_1_21' title="bbox 537 2142 2787 2198; baseline -0 -11"><span class='ocrx_word' id='word_1_158' title='bbox 537 2144 583 2198; x_wconf 85' lang='lat' dir='ltr'>a)</span> <span class='ocrx_word' id='word_1_159' title='bbox 617 2156 706 2196; x_wconf 81' lang='lat' dir='ltr'>que</span> <span class='ocrx_word' id='word_1_160' title='bbox 735 2146 772 2184; x_wconf 78' lang='lat' dir='ltr'><strong>F</strong></span> <span class='ocrx_word' id='word_1_161' title='bbox 809 2147 849 2187; x_wconf 86' lang='lat' dir='ltr'>l.</span> <span class='ocrx_word' id='word_1_162' title='bbox 885 2145 926 2185; x_wconf 95' lang='lat' dir='ltr'><strong>G</strong></span> <span class='ocrx_word' id='word_1_163' title='bbox 959 2147 998 2185; x_wconf 88' lang='lat'>1.</span> <span class='ocrx_word' id='word_1_164' title='bbox 1036 2144 1094 2185; x_wconf 80' lang='lat'>2?</span> <span class='ocrx_word' id='word_1_165' title='bbox 1213 2142 1261 2195; x_wconf 91' lang='lat' dir='ltr'>b)</span> <span class='ocrx_word' id='word_1_166' title='bbox 1296 2143 1494 2194; x_wconf 87' lang='lat' dir='ltr'>Gondip.</span> <span class='ocrx_word' id='word_1_167' title='bbox 1533 2143 1575 2185; x_wconf 92' lang='lat' dir='ltr'><strong>G</strong></span> <span class='ocrx_word' id='word_1_168' title='bbox 1603 2145 1662 2194; x_wconf 79' lang='lat'>43</span> <span class='ocrx_word' id='word_1_169' title='bbox 1696 2143 1899 2195; x_wconf 84' lang='lat' dir='ltr'>Gundip.</span> <span class='ocrx_word' id='word_1_170' title='bbox 1932 2143 1971 2183; x_wconf 98' lang='lat' dir='ltr'><strong>G</strong></span> <span class='ocrx_word' id='word_1_171' title='bbox 2004 2144 2055 2194; x_wconf 80' lang='lat'>33</span> <span class='ocrx_word' id='word_1_172' title='bbox 2089 2143 2265 2195; x_wconf 86' lang='lat' dir='ltr'>Godep.</span> <span class='ocrx_word' id='word_1_173' title='bbox 2297 2144 2339 2185; x_wconf 91' lang='lat' dir='ltr'>D</span> <span class='ocrx_word' id='word_1_174' title='bbox 2373 2145 2424 2194; x_wconf 76' lang='lat'>83</span> <span class='ocrx_word' id='word_1_175' title='bbox 2476 2144 2640 2188; x_wconf 85' lang='lat' dir='ltr'>Godib.</span> <span class='ocrx_word' id='word_1_176' title='bbox 2671 2145 2698 2184; x_wconf 92' lang='lat'>1</span> <span class='ocrx_word' id='word_1_177' title='bbox 2733 2147 2787 2195; x_wconf 75' lang='lat'>13</span> 
     </span>
     <span class='ocr_line' id='line_1_22' title="bbox 539 2201 2783 2255; baseline 0 -10"><span class='ocrx_word' id='word_1_178' title='bbox 539 2205 713 2245; x_wconf 86' lang='lat' dir='ltr'>Godeb.</span> <span class='ocrx_word' id='word_1_179' title='bbox 761 2205 804 2243; x_wconf 90' lang='lat' dir='ltr'>D</span> <span class='ocrx_word' id='word_1_180' title='bbox 838 2205 878 2244; x_wconf 86' lang='grc'>2.</span> <span class='ocrx_word' id='word_1_181' title='bbox 1030 2202 1070 2255; x_wconf 87' lang='lat' dir='ltr'>e)</span> <span class='ocrx_word' id='word_1_182' title='bbox 1106 2202 1164 2242; x_wconf 84' lang='lat' dir='ltr'>ad</span> <span class='ocrx_word' id='word_1_183' title='bbox 1212 2204 1253 2243; x_wconf 92' lang='lat' dir='ltr'><strong>G</strong></span> <span class='ocrx_word' id='word_1_184' title='bbox 1286 2205 1323 2245; x_wconf 88' lang='lat'>1.</span> <span class='ocrx_word' id='word_1_185' title='bbox 1357 2204 1407 2253; x_wconf 77' lang='lat'>23</span> <span class='ocrx_word' id='word_1_186' title='bbox 1453 2206 1566 2253; x_wconf 87' lang='lat' dir='ltr'>aput</span> <span class='ocrx_word' id='word_1_187' title='bbox 1601 2203 1919 2244; x_wconf 85' lang='lat' dir='ltr'>Grimualdum</span> <span class='ocrx_word' id='word_1_188' title='bbox 1953 2202 1993 2244; x_wconf 88' lang='lat' dir='ltr'><strong>G</strong></span> <span class='ocrx_word' id='word_1_189' title='bbox 2026 2203 2067 2244; x_wconf 81' lang='grc'>3.</span> <span class='ocrx_word' id='word_1_190' title='bbox 2216 2201 2263 2254; x_wconf 83' lang='grc'><strong>(1)</strong></span> <span class='ocrx_word' id='word_1_191' title='bbox 2298 2204 2466 2252; x_wconf 86' lang='lat' dir='ltr'>relinq.</span> <span class='ocrx_word' id='word_1_192' title='bbox 2516 2203 2557 2244; x_wconf 92' lang='lat' dir='ltr'><strong>G</strong></span> <span class='ocrx_word' id='word_1_193' title='bbox 2587 2206 2626 2244; x_wconf 90' lang='lat'>1.</span> <span class='ocrx_word' id='word_1_194' title='bbox 2660 2206 2702 2243; x_wconf 95' lang='grc'>2.</span> <span class='ocrx_word' id='word_1_195' title='bbox 2738 2206 2783 2245; x_wconf 85' lang='grc'>3.</span> 
     </span>
    </p>
   </div>
   <div class='ocr_carea' id='block_1_6' title="bbox 537 2258 2785 2432">
    <p class='ocr_par' dir='ltr' id='par_1_8' title="bbox 537 2258 2785 2432">
     <span class='ocr_line' id='line_1_23' title="bbox 539 2258 2785 2314; baseline -0 -10"><span class='ocrx_word' id='word_1_196' title='bbox 539 2263 583 2314; x_wconf 89' lang='lat' dir='ltr'>e)</span> <span class='ocrx_word' id='word_1_197' title='bbox 617 2264 680 2302; x_wconf 71' lang='lat' dir='ltr'>ica</span> <span class='ocrx_word' id='word_1_198' title='bbox 711 2262 752 2302; x_wconf 88' lang='lat' dir='ltr'>A</span> <span class='ocrx_word' id='word_1_199' title='bbox 786 2265 826 2303; x_wconf 93' lang='lat'>1.</span> <span class='ocrx_word' id='word_1_200' title='bbox 859 2264 897 2301; x_wconf 82' lang='lat' dir='ltr'><strong>F</strong></span> <span class='ocrx_word' id='word_1_201' title='bbox 933 2264 973 2303; x_wconf 89' lang='lat'>1.</span> <span class='ocrx_word' id='word_1_202' title='bbox 1008 2262 1048 2304; x_wconf 88' lang='lat' dir='ltr'><strong>G</strong></span> <span class='ocrx_word' id='word_1_203' title='bbox 1084 2264 1122 2303; x_wconf 86' lang='lat'>1.</span> <span class='ocrx_word' id='word_1_204' title='bbox 1160 2262 1199 2301; x_wconf 82' lang='lat'>2.</span> <span class='ocrx_word' id='word_1_205' title='bbox 1351 2260 1388 2313; x_wconf 78' lang='lat' dir='ltr'>f)</span> <span class='ocrx_word' id='word_1_206' title='bbox 1421 2273 1608 2301; x_wconf 87' lang='lat' dir='ltr'>manum</span> <span class='ocrx_word' id='word_1_207' title='bbox 1654 2264 1689 2300; x_wconf 63' lang='lat'>1⁴*</span> <span class='ocrx_word' id='word_1_208' title='bbox 1725 2264 1765 2302; x_wconf 89' lang='lat'>1.</span> <span class='ocrx_word' id='word_1_209' title='bbox 1915 2258 1962 2311; x_wconf 80' lang='lat' dir='ltr'>g)</span> <span class='ocrx_word' id='word_1_210' title='bbox 1994 2261 2222 2301; x_wconf 84' lang='lat' dir='ltr'>Rottbarit</span> <span class='ocrx_word' id='word_1_211' title='bbox 2250 2263 2291 2302; x_wconf 86' lang='lat' dir='ltr'>A</span> <span class='ocrx_word' id='word_1_212' title='bbox 2325 2264 2378 2312; x_wconf 77' lang='lat'>23</span> <span class='ocrx_word' id='word_1_213' title='bbox 2408 2263 2621 2303; x_wconf 80' lang='lat' dir='ltr'>Rotthari</span> <span class='ocrx_word' id='word_1_214' title='bbox 2654 2262 2697 2303; x_wconf 90' lang='lat' dir='ltr'><strong>G</strong></span> <span class='ocrx_word' id='word_1_215' title='bbox 2728 2264 2785 2313; x_wconf 71' lang='lat'>43</span> 
     </span>
     <span class='ocr_line' id='line_1_24' title="bbox 537 2319 2783 2373; baseline -0 -11"><span class='ocrx_word' id='word_1_216' title='bbox 537 2323 780 2362; x_wconf 83' lang='lat' dir='ltr'>RothariF</span> <span class='ocrx_word' id='word_1_217' title='bbox 803 2324 841 2373; x_wconf 88' lang='grc' dir='ltr'>Ι,</span> <span class='ocrx_word' id='word_1_218' title='bbox 873 2322 977 2371; x_wconf 72' lang='lat' dir='ltr'>ali2&#39;3</span> <span class='ocrx_word' id='word_1_219' title='bbox 1008 2322 1063 2371; x_wconf 84' lang='lat' dir='ltr'>cf.</span> <span class='ocrx_word' id='word_1_220' title='bbox 1097 2332 1235 2369; x_wconf 71' lang='lat' dir='ltr'>cupra</span> <span class='ocrx_word' id='word_1_221' title='bbox 1260 2332 1309 2371; x_wconf 81' lang='lat' dir='ltr'>p.</span> <span class='ocrx_word' id='word_1_222' title='bbox 1331 2322 1415 2361; x_wconf 89' lang='grc'>208</span> <span class='ocrx_word' id='word_1_223' title='bbox 1446 2332 1491 2363; x_wconf 79' lang='grc' dir='ltr'>π.</span> <span class='ocrx_word' id='word_1_224' title='bbox 1514 2332 1555 2362; x_wconf 85' lang='lat' dir='ltr'>z.</span> <span class='ocrx_word' id='word_1_225' title='bbox 1574 2344 1624 2351; x_wconf 90' lang='lat'>—</span> <span class='ocrx_word' id='word_1_226' title='bbox 1642 2320 2069 2369; x_wconf 78' lang='lat' dir='ltr'>BergomenuumA</span> <span class='ocrx_word' id='word_1_227' title='bbox 2087 2322 2137 2370; x_wconf 78' lang='lat'>23</span> <span class='ocrx_word' id='word_1_228' title='bbox 2168 2322 2306 2369; x_wconf 80' lang='lat' dir='ltr'>Verg.</span> <span class='ocrx_word' id='word_1_229' title='bbox 2336 2324 2373 2362; x_wconf 75' lang='lat' dir='ltr'><strong>F</strong></span> <span class='ocrx_word' id='word_1_230' title='bbox 2391 2324 2433 2363; x_wconf 84' lang='lat'>1.</span> <span class='ocrx_word' id='word_1_231' title='bbox 2522 2319 2571 2373; x_wconf 92' lang='lat' dir='ltr'>h)</span> <span class='ocrx_word' id='word_1_232' title='bbox 2604 2322 2783 2362; x_wconf 80' lang='lat' dir='ltr'>Navar.</span> 
     </span>
     <span class='ocr_line' id='line_1_25' title="bbox 537 2378 2777 2432; baseline 0 -10"><span class='ocrx_word' id='word_1_233' title='bbox 537 2384 574 2422; x_wconf 78' lang='lat' dir='ltr'><strong>F</strong></span> <span class='ocrx_word' id='word_1_234' title='bbox 610 2384 648 2421; x_wconf 91' lang='lat'>1.</span> <span class='ocrx_word' id='word_1_235' title='bbox 683 2380 724 2421; x_wconf 91' lang='lat' dir='ltr'><strong>G</strong></span> <span class='ocrx_word' id='word_1_236' title='bbox 754 2383 794 2423; x_wconf 91' lang='lat'>1.</span> <span class='ocrx_word' id='word_1_237' title='bbox 829 2382 870 2420; x_wconf 85' lang='lat'>4.</span> <span class='ocrx_word' id='word_1_238' title='bbox 1023 2379 1058 2432; x_wconf 91' lang='lat' dir='ltr'>i)</span> <span class='ocrx_word' id='word_1_239' title='bbox 1094 2391 1303 2430; x_wconf 85' lang='lat' dir='ltr'>campum</span> <span class='ocrx_word' id='word_1_240' title='bbox 1338 2380 1379 2421; x_wconf 89' lang='lat' dir='ltr'><strong>G</strong></span> <span class='ocrx_word' id='word_1_241' title='bbox 1411 2380 1461 2430; x_wconf 70' lang='grc' dir='ltr'>ὃς</span> <span class='ocrx_word' id='word_1_242' title='bbox 1497 2381 1671 2429; x_wconf 79' lang='lat' dir='ltr'>eampis</span> <span class='ocrx_word' id='word_1_243' title='bbox 1703 2379 1744 2418; x_wconf 89' lang='lat' dir='ltr'>A</span> <span class='ocrx_word' id='word_1_244' title='bbox 1776 2381 1817 2420; x_wconf 86' lang='lat'>3.</span> <span class='ocrx_word' id='word_1_245' title='bbox 1856 2402 1907 2409; x_wconf 93' lang='lat'>—</span> <span class='ocrx_word' id='word_1_246' title='bbox 1940 2390 2192 2429; x_wconf 76' lang='lat' dir='ltr'>exsuperas</span> <span class='ocrx_word' id='word_1_247' title='bbox 2222 2381 2259 2419; x_wconf 78' lang='lat' dir='ltr'><strong>F</strong></span> <span class='ocrx_word' id='word_1_248' title='bbox 2294 2382 2334 2421; x_wconf 90' lang='grc'>1.</span> <span class='ocrx_word' id='word_1_249' title='bbox 2484 2378 2533 2432; x_wconf 78' lang='lat' dir='ltr'>k)</span> <span class='ocrx_word' id='word_1_250' title='bbox 2565 2381 2645 2419; x_wconf 73' lang='lat' dir='ltr'>hoc</span> <span class='ocrx_word' id='word_1_251' title='bbox 2673 2392 2777 2431; x_wconf 75' lang='lat' dir='ltr'>cap.</span> 
     </span>
    </p>
   </div>
   <div class='ocr_carea' id='block_1_7' title="bbox 531 2438 2786 3019">
    <p class='ocr_par' dir='ltr' id='par_1_9' title="bbox 531 2438 2786 3019">
     <span class='ocr_line' id='line_1_26' title="bbox 531 2438 2780 2491; baseline -0.001 -12"><span class='ocrx_word' id='word_1_252' title='bbox 531 2440 804 2491; x_wconf 73' lang='lat' dir='ltr'>praecedenti</span> <span class='ocrx_word' id='word_1_253' title='bbox 833 2440 1030 2489; x_wconf 76' lang='lat' dir='ltr'>adjunqit</span> <span class='ocrx_word' id='word_1_254' title='bbox 1062 2438 1104 2479; x_wconf 87' lang='lat' dir='ltr'><strong>G</strong></span> <span class='ocrx_word' id='word_1_255' title='bbox 1135 2439 1204 2480; x_wconf 82' lang='grc' dir='ltr'>5ο.</span> <span class='ocrx_word' id='word_1_256' title='bbox 1337 2438 1372 2490; x_wconf 88' lang='lat'>1)</span> <span class='ocrx_word' id='word_1_257' title='bbox 1405 2440 1515 2478; x_wconf 70' lang='lat' dir='ltr'>deest</span> <span class='ocrx_word' id='word_1_258' title='bbox 1546 2439 1587 2478; x_wconf 89' lang='lat' dir='ltr'>A</span> <span class='ocrx_word' id='word_1_259' title='bbox 1620 2442 1666 2488; x_wconf 77' lang='lat'>23</span> <span class='ocrx_word' id='word_1_260' title='bbox 1703 2442 1752 2478; x_wconf 87' lang='lat' dir='ltr'>ut</span> <span class='ocrx_word' id='word_1_261' title='bbox 1781 2439 1822 2478; x_wconf 89' lang='lat' dir='ltr'>b.</span> <span class='ocrx_word' id='word_1_262' title='bbox 1858 2442 2025 2487; x_wconf 85' lang='lat' dir='ltr'>parant</span> <span class='ocrx_word' id='word_1_263' title='bbox 2056 2438 2097 2479; x_wconf 89' lang='lat' dir='ltr'><strong>G</strong></span> <span class='ocrx_word' id='word_1_264' title='bbox 2128 2439 2170 2480; x_wconf 83' lang='lat'>3.</span> <span class='ocrx_word' id='word_1_265' title='bbox 2202 2440 2247 2481; x_wconf 79' lang='lat'>4.</span> <span class='ocrx_word' id='word_1_266' title='bbox 2376 2438 2441 2491; x_wconf 90' lang='lat' dir='ltr'>m)</span> <span class='ocrx_word' id='word_1_267' title='bbox 2476 2438 2629 2479; x_wconf 83' lang='lat' dir='ltr'>Atone</span> <span class='ocrx_word' id='word_1_268' title='bbox 2660 2452 2780 2479; x_wconf 77' lang='lat' dir='ltr'>corr.</span> 
     </span>
     <span class='ocr_line' id='line_1_27' title="bbox 537 2496 2783 2549; baseline 0 -11"><span class='ocrx_word' id='word_1_269' title='bbox 537 2501 710 2539; x_wconf 80' lang='lat' dir='ltr'>Attene</span> <span class='ocrx_word' id='word_1_270' title='bbox 741 2501 782 2539; x_wconf 93' lang='lat' dir='ltr'>D</span> <span class='ocrx_word' id='word_1_271' title='bbox 817 2501 856 2549; x_wconf 87' lang='lat'>1,</span> <span class='ocrx_word' id='word_1_272' title='bbox 889 2503 926 2538; x_wconf 75' lang='lat' dir='ltr'>et</span> <span class='ocrx_word' id='word_1_273' title='bbox 956 2500 1021 2537; x_wconf 74' lang='lat' dir='ltr'>ita</span> <span class='ocrx_word' id='word_1_274' title='bbox 1053 2498 1086 2538; x_wconf 87' lang='lat' dir='ltr'>C</span> <span class='ocrx_word' id='word_1_275' title='bbox 1123 2499 1162 2537; x_wconf 89' lang='grc'>2.</span> <span class='ocrx_word' id='word_1_276' title='bbox 1197 2500 1239 2537; x_wconf 93' lang='lat' dir='ltr'>D</span> <span class='ocrx_word' id='word_1_277' title='bbox 1273 2499 1315 2541; x_wconf 78' lang='grc'>2,</span> <span class='ocrx_word' id='word_1_278' title='bbox 1348 2499 1401 2547; x_wconf 77' lang='lat'>43</span> <span class='ocrx_word' id='word_1_279' title='bbox 1445 2500 1616 2538; x_wconf 77' lang='lat' dir='ltr'>Attene</span> <span class='ocrx_word' id='word_1_280' title='bbox 1648 2499 1690 2537; x_wconf 92' lang='lat' dir='ltr'>D</span> <span class='ocrx_word' id='word_1_281' title='bbox 1724 2498 1773 2547; x_wconf 77' lang='lat'>33</span> <span class='ocrx_word' id='word_1_282' title='bbox 1816 2497 2044 2537; x_wconf 79' lang='lat' dir='ltr'>Atoonem</span> <span class='ocrx_word' id='word_1_283' title='bbox 2077 2497 2111 2538; x_wconf 88' lang='lat' dir='ltr'>C</span> <span class='ocrx_word' id='word_1_284' title='bbox 2147 2500 2195 2547; x_wconf 79' lang='lat'>13</span> <span class='ocrx_word' id='word_1_285' title='bbox 2240 2496 2459 2537; x_wconf 79' lang='lat' dir='ltr'>Attonem</span> <span class='ocrx_word' id='word_1_286' title='bbox 2488 2499 2512 2537; x_wconf 93' lang='grc' dir='ltr'>Ι</span> <span class='ocrx_word' id='word_1_287' title='bbox 2544 2502 2592 2548; x_wconf 84' lang='grc'><strong>1;</strong></span> <span class='ocrx_word' id='word_1_288' title='bbox 2626 2499 2783 2539; x_wconf 87' lang='lat' dir='ltr'>Otone</span> 
     </span>
     <span class='ocr_line' id='line_1_28' title="bbox 539 2556 2785 2607; baseline 0.001 -10"><span class='ocrx_word' id='word_1_289' title='bbox 539 2558 580 2597; x_wconf 90' lang='lat' dir='ltr'>A</span> <span class='ocrx_word' id='word_1_290' title='bbox 610 2558 652 2600; x_wconf 84' lang='lat'>4.</span> <span class='ocrx_word' id='word_1_291' title='bbox 685 2558 719 2599; x_wconf 86' lang='lat' dir='ltr'>C</span> <span class='ocrx_word' id='word_1_292' title='bbox 752 2556 815 2597; x_wconf 84' lang='lat'>·1.</span> <span class='ocrx_word' id='word_1_293' title='bbox 852 2557 893 2598; x_wconf 89' lang='lat' dir='ltr'><strong>G</strong></span> <span class='ocrx_word' id='word_1_294' title='bbox 925 2559 965 2597; x_wconf 91' lang='lat'>1.</span> <span class='ocrx_word' id='word_1_295' title='bbox 997 2560 1037 2597; x_wconf 89' lang='grc'>2.</span> <span class='ocrx_word' id='word_1_296' title='bbox 1069 2557 1114 2595; x_wconf 85' lang='grc' dir='ltr'>Η</span> <span class='ocrx_word' id='word_1_297' title='bbox 1147 2559 1196 2606; x_wconf 84' lang='grc'><strong>1;</strong></span> <span class='ocrx_word' id='word_1_298' title='bbox 1243 2557 1439 2598; x_wconf 86' lang='lat' dir='ltr'>otonem</span> <span class='ocrx_word' id='word_1_299' title='bbox 1469 2558 1509 2597; x_wconf 81' lang='grc' dir='ltr'><strong>Ε</strong></span> <span class='ocrx_word' id='word_1_300' title='bbox 1544 2560 1593 2606; x_wconf 78' lang='lat'>13</span> <span class='ocrx_word' id='word_1_301' title='bbox 1641 2556 1820 2598; x_wconf 81' lang='lat' dir='ltr'>Othone</span> <span class='ocrx_word' id='word_1_302' title='bbox 1850 2558 1887 2595; x_wconf 86' lang='lat' dir='ltr'><strong>B</strong></span> <span class='ocrx_word' id='word_1_303' title='bbox 1922 2558 1975 2606; x_wconf 74' lang='lat'>23</span> <span class='ocrx_word' id='word_1_304' title='bbox 2023 2556 2189 2598; x_wconf 84' lang='lat' dir='ltr'>ottone</span> <span class='ocrx_word' id='word_1_305' title='bbox 2218 2558 2254 2596; x_wconf 81' lang='lat' dir='ltr'><strong>F</strong></span> <span class='ocrx_word' id='word_1_306' title='bbox 2288 2560 2341 2606; x_wconf 78' lang='lat'>13</span> <span class='ocrx_word' id='word_1_307' title='bbox 2388 2557 2587 2597; x_wconf 78' lang='lat' dir='ltr'>otthone</span> <span class='ocrx_word' id='word_1_308' title='bbox 2622 2557 2665 2597; x_wconf 89' lang='lat' dir='ltr'><strong>G</strong></span> <span class='ocrx_word' id='word_1_309' title='bbox 2696 2559 2785 2607; x_wconf 66' lang='grc' dir='ltr'>δας</span> 
     </span>
     <span class='ocr_line' id='line_1_29' title="bbox 539 2613 2781 2667; baseline 0.001 -12"><span class='ocrx_word' id='word_1_310' title='bbox 539 2617 718 2656; x_wconf 84' lang='lat' dir='ltr'>&#39;I&#39;otone</span> <span class='ocrx_word' id='word_1_311' title='bbox 748 2618 785 2655; x_wconf 81' lang='lat' dir='ltr'><strong>F</strong></span> <span class='ocrx_word' id='word_1_312' title='bbox 818 2616 857 2657; x_wconf 93' lang='lat'>5.</span> <span class='ocrx_word' id='word_1_313' title='bbox 1007 2613 1058 2667; x_wconf 87' lang='lat' dir='ltr'>n)</span> <span class='ocrx_word' id='word_1_314' title='bbox 1091 2616 1276 2655; x_wconf 82' lang='lat' dir='ltr'>Tazone</span> <span class='ocrx_word' id='word_1_315' title='bbox 1323 2616 1361 2654; x_wconf 74' lang='lat' dir='ltr'><strong>F</strong></span> <span class='ocrx_word' id='word_1_316' title='bbox 1395 2617 1434 2657; x_wconf 86' lang='lat'>5.</span> <span class='ocrx_word' id='word_1_317' title='bbox 1468 2615 1509 2656; x_wconf 89' lang='lat' dir='ltr'><strong>G</strong></span> <span class='ocrx_word' id='word_1_318' title='bbox 1541 2616 1583 2655; x_wconf 83' lang='lat'>3.</span> <span class='ocrx_word' id='word_1_319' title='bbox 1618 2616 1669 2665; x_wconf 75' lang='lat'>43</span> <span class='ocrx_word' id='word_1_320' title='bbox 1712 2618 1943 2655; x_wconf 77' lang='lat' dir='ltr'>&#39;razonem</span> <span class='ocrx_word' id='word_1_321' title='bbox 1974 2616 2013 2655; x_wconf 78' lang='grc' dir='ltr'><strong>Ε</strong></span> <span class='ocrx_word' id='word_1_322' title='bbox 2048 2618 2096 2665; x_wconf 83' lang='grc'><strong>1;</strong></span> <span class='ocrx_word' id='word_1_323' title='bbox 2146 2617 2325 2656; x_wconf 81' lang='lat' dir='ltr'>Tatone</span> <span class='ocrx_word' id='word_1_324' title='bbox 2378 2615 2413 2657; x_wconf 84' lang='lat'>0</span> <span class='ocrx_word' id='word_1_325' title='bbox 2444 2617 2528 2665; x_wconf 78' lang='lat' dir='ltr'>4b3</span> <span class='ocrx_word' id='word_1_326' title='bbox 2575 2616 2781 2657; x_wconf 73' lang='lat' dir='ltr'>&#39;tattone</span> 
     </span>
     <span class='ocr_line' id='line_1_30' title="bbox 543 2672 2783 2727; baseline 0.001 -12"><span class='ocrx_word' id='word_1_327' title='bbox 543 2674 585 2715; x_wconf 90' lang='lat' dir='ltr'><strong>G</strong></span> <span class='ocrx_word' id='word_1_328' title='bbox 615 2676 751 2724; x_wconf 84' lang='lat' dir='ltr'>5a.e;</span> <span class='ocrx_word' id='word_1_329' title='bbox 784 2678 830 2714; x_wconf 87' lang='lat' dir='ltr'>et</span> <span class='ocrx_word' id='word_1_330' title='bbox 859 2676 910 2716; x_wconf 81' lang='grc' dir='ltr'>Τ.</span> <span class='ocrx_word' id='word_1_331' title='bbox 943 2676 1026 2713; x_wconf 72' lang='lat' dir='ltr'>des.</span> <span class='ocrx_word' id='word_1_332' title='bbox 1064 2673 1112 2715; x_wconf 81' lang='grc' dir='ltr'>Ο.</span> <span class='ocrx_word' id='word_1_333' title='bbox 1146 2675 1206 2713; x_wconf 90' lang='lat' dir='ltr'>D.</span> <span class='ocrx_word' id='word_1_334' title='bbox 1240 2675 1264 2713; x_wconf 95' lang='lat'>1</span> <span class='ocrx_word' id='word_1_335' title='bbox 1295 2676 1335 2714; x_wconf 90' lang='lat'>1.</span> <span class='ocrx_word' id='word_1_336' title='bbox 1475 2672 1521 2725; x_wconf 94' lang='grc' dir='ltr'>ο)</span> <span class='ocrx_word' id='word_1_337' title='bbox 1553 2675 1783 2715; x_wconf 84' lang='lat' dir='ltr'>Rottharit</span> <span class='ocrx_word' id='word_1_338' title='bbox 1827 2673 1867 2714; x_wconf 88' lang='lat' dir='ltr'><strong>G</strong></span> <span class='ocrx_word' id='word_1_339' title='bbox 1900 2677 1922 2714; x_wconf 90' lang='lat'><strong>1</strong></span> <span class='ocrx_word' id='word_1_340' title='bbox 1956 2675 2034 2713; x_wconf 69' lang='lat' dir='ltr'>hoc</span> <span class='ocrx_word' id='word_1_341' title='bbox 2060 2676 2168 2715; x_wconf 79' lang='lat' dir='ltr'>loco.</span> <span class='ocrx_word' id='word_1_342' title='bbox 2304 2672 2355 2727; x_wconf 86' lang='lat' dir='ltr'>p)</span> <span class='ocrx_word' id='word_1_343' title='bbox 2385 2675 2631 2715; x_wconf 87' lang='lat' dir='ltr'>Pharaone</span> <span class='ocrx_word' id='word_1_344' title='bbox 2662 2675 2707 2715; x_wconf 79' lang='lat' dir='ltr'>A</span> <span class='ocrx_word' id='word_1_345' title='bbox 2740 2677 2783 2718; x_wconf 84' lang='lat'>3.</span> 
     </span>
     <span class='ocr_line' id='line_1_31' title="bbox 540 2732 2784 2785; baseline 0.001 -12"><span class='ocrx_word' id='word_1_346' title='bbox 540 2734 578 2772; x_wconf 76' lang='lat' dir='ltr'>F</span> <span class='ocrx_word' id='word_1_347' title='bbox 610 2733 652 2773; x_wconf 92' lang='grc'><strong>5.</strong></span> <span class='ocrx_word' id='word_1_348' title='bbox 688 2732 729 2773; x_wconf 92' lang='lat' dir='ltr'><strong>G</strong></span> <span class='ocrx_word' id='word_1_349' title='bbox 760 2733 836 2782; x_wconf 74' lang='lat'>503</span> <span class='ocrx_word' id='word_1_350' title='bbox 867 2734 1048 2772; x_wconf 79' lang='lat' dir='ltr'>Far-one</span> <span class='ocrx_word' id='word_1_351' title='bbox 1080 2732 1130 2773; x_wconf 82' lang='lat'>0.</span> <span class='ocrx_word' id='word_1_352' title='bbox 1164 2735 1231 2781; x_wconf 79' lang='lat' dir='ltr'>D3</span> <span class='ocrx_word' id='word_1_353' title='bbox 1261 2733 1475 2775; x_wconf 79' lang='lat' dir='ltr'>Pharone</span> <span class='ocrx_word' id='word_1_354' title='bbox 1506 2734 1551 2773; x_wconf 80' lang='grc' dir='ltr'>Η</span> <span class='ocrx_word' id='word_1_355' title='bbox 1585 2737 1630 2783; x_wconf 79' lang='grc'><strong>1;</strong></span> <span class='ocrx_word' id='word_1_356' title='bbox 1660 2735 1889 2774; x_wconf 76' lang='lat' dir='ltr'>Faronem</span> <span class='ocrx_word' id='word_1_357' title='bbox 1919 2733 1943 2773; x_wconf 95' lang='lat'>1</span> <span class='ocrx_word' id='word_1_358' title='bbox 1976 2734 2017 2774; x_wconf 89' lang='lat'>1.</span> <span class='ocrx_word' id='word_1_359' title='bbox 2152 2732 2199 2785; x_wconf 92' lang='lat' dir='ltr'>q)</span> <span class='ocrx_word' id='word_1_360' title='bbox 2232 2744 2315 2783; x_wconf 88' lang='lat' dir='ltr'>pos</span> <span class='ocrx_word' id='word_1_361' title='bbox 2346 2734 2493 2774; x_wconf 88' lang='lat' dir='ltr'>bellos</span> <span class='ocrx_word' id='word_1_362' title='bbox 2523 2746 2641 2776; x_wconf 74' lang='lat' dir='ltr'>corr.</span> <span class='ocrx_word' id='word_1_363' title='bbox 2672 2735 2784 2777; x_wconf 86' lang='lat' dir='ltr'>illos</span> 
     </span>
     <span class='ocr_line' id='line_1_32' title="bbox 540 2790 2786 2844; baseline 0 -12"><span class='ocrx_word' id='word_1_364' title='bbox 540 2792 669 2832; x_wconf 87' lang='lat' dir='ltr'>bello</span> <span class='ocrx_word' id='word_1_365' title='bbox 700 2792 738 2829; x_wconf 83' lang='lat' dir='ltr'><strong>F</strong></span> <span class='ocrx_word' id='word_1_366' title='bbox 771 2793 808 2831; x_wconf 84' lang='lat'>1.</span> <span class='ocrx_word' id='word_1_367' title='bbox 956 2790 995 2842; x_wconf 87' lang='lat' dir='ltr'>r)</span> <span class='ocrx_word' id='word_1_368' title='bbox 1025 2792 1201 2831; x_wconf 88' lang='lat' dir='ltr'>bellum</span> <span class='ocrx_word' id='word_1_369' title='bbox 1234 2792 1269 2829; x_wconf 71' lang='lat'>(2-</span> <span class='ocrx_word' id='word_1_370' title='bbox 1307 2794 1348 2831; x_wconf 88' lang='grc'>2.</span> <span class='ocrx_word' id='word_1_371' title='bbox 1502 2792 1542 2844; x_wconf 87' lang='lat' dir='ltr'>s)</span> <span class='ocrx_word' id='word_1_372' title='bbox 1577 2795 1695 2833; x_wconf 81' lang='lat' dir='ltr'>silva</span> <span class='ocrx_word' id='word_1_373' title='bbox 1725 2804 1775 2833; x_wconf 85' lang='lat' dir='ltr'>se</span> <span class='ocrx_word' id='word_1_374' title='bbox 1808 2793 2051 2833; x_wconf 78' lang='lat' dir='ltr'>Comatina</span> <span class='ocrx_word' id='word_1_375' title='bbox 2083 2791 2124 2832; x_wconf 87' lang='lat' dir='ltr'><strong>G</strong></span> <span class='ocrx_word' id='word_1_376' title='bbox 2155 2793 2233 2842; x_wconf 79' lang='lat'>503</span> <span class='ocrx_word' id='word_1_377' title='bbox 2281 2793 2628 2833; x_wconf 84' lang='lat' dir='ltr'>Cummacinam</span> <span class='ocrx_word' id='word_1_378' title='bbox 2660 2793 2696 2835; x_wconf 88' lang='lat' dir='ltr'>C</span> <span class='ocrx_word' id='word_1_379' title='bbox 2735 2797 2786 2844; x_wconf 64' lang='grc' dir='ltr'>ις</span> 
     </span>
     <span class='ocr_line' id='line_1_33' title="bbox 544 2849 2783 2903; baseline 0.001 -12"><span class='ocrx_word' id='word_1_380' title='bbox 544 2849 839 2891; x_wconf 80' lang='lat' dir='ltr'>Comacinam</span> <span class='ocrx_word' id='word_1_381' title='bbox 869 2850 906 2889; x_wconf 73' lang='lat' dir='ltr'><strong>F</strong></span> <span class='ocrx_word' id='word_1_382' title='bbox 939 2852 988 2899; x_wconf 79' lang='lat'>13</span> <span class='ocrx_word' id='word_1_383' title='bbox 1033 2850 1368 2890; x_wconf 77' lang='lat' dir='ltr'>CommatInam</span> <span class='ocrx_word' id='word_1_384' title='bbox 1417 2849 1457 2890; x_wconf 88' lang='lat' dir='ltr'><strong>G</strong></span> <span class='ocrx_word' id='word_1_385' title='bbox 1490 2854 1531 2890; x_wconf 87' lang='lat'>1.</span> <span class='ocrx_word' id='word_1_386' title='bbox 1566 2854 1607 2892; x_wconf 86' lang='lat'>2.</span> <span class='ocrx_word' id='word_1_387' title='bbox 1769 2850 1805 2902; x_wconf 85' lang='lat' dir='ltr'>t)</span> <span class='ocrx_word' id='word_1_388' title='bbox 1837 2851 2066 2891; x_wconf 85' lang='lat' dir='ltr'>Rottharit</span> <span class='ocrx_word' id='word_1_389' title='bbox 2109 2852 2145 2890; x_wconf 81' lang='lat' dir='ltr'>F</span> <span class='ocrx_word' id='word_1_390' title='bbox 2181 2854 2202 2891; x_wconf 86' lang='lat'>1</span> <span class='ocrx_word' id='word_1_391' title='bbox 2250 2853 2328 2891; x_wconf 76' lang='lat' dir='ltr'>hoc</span> <span class='ocrx_word' id='word_1_392' title='bbox 2356 2854 2464 2894; x_wconf 83' lang='lat' dir='ltr'>loco.</span> <span class='ocrx_word' id='word_1_393' title='bbox 2632 2850 2681 2903; x_wconf 87' lang='lat' dir='ltr'>u)</span> <span class='ocrx_word' id='word_1_394' title='bbox 2716 2864 2783 2893; x_wconf 86' lang='lat' dir='ltr'>na</span> 
     </span>
     <span class='ocr_line' id='line_1_34' title="bbox 543 2906 2783 2963; baseline 0.001 -14"><span class='ocrx_word' id='word_1_395' title='bbox 543 2910 743 2949; x_wconf 85' lang='lat' dir='ltr'>exercito</span> <span class='ocrx_word' id='word_1_396' title='bbox 774 2909 810 2947; x_wconf 76' lang='lat' dir='ltr'>F</span> <span class='ocrx_word' id='word_1_397' title='bbox 845 2912 887 2949; x_wconf 90' lang='lat'>1.</span> <span class='ocrx_word' id='word_1_398' title='bbox 1008 2906 1055 2959; x_wconf 83' lang='lat' dir='ltr'>v)</span> <span class='ocrx_word' id='word_1_399' title='bbox 1091 2913 1223 2959; x_wconf 86' lang='lat' dir='ltr'>capto</span> <span class='ocrx_word' id='word_1_400' title='bbox 1253 2910 1291 2948; x_wconf 72' lang='lat' dir='ltr'><strong>F</strong></span> <span class='ocrx_word' id='word_1_401' title='bbox 1326 2911 1366 2951; x_wconf 87' lang='lat'>1.</span> <span class='ocrx_word' id='word_1_402' title='bbox 1501 2908 1563 2959; x_wconf 82' lang='lat' dir='ltr'>w)</span> <span class='ocrx_word' id='word_1_403' title='bbox 1596 2911 1757 2950; x_wconf 85' lang='lat' dir='ltr'>Lauda</span> <span class='ocrx_word' id='word_1_404' title='bbox 1784 2912 1823 2950; x_wconf 90' lang='lat' dir='ltr'>B</span> <span class='ocrx_word' id='word_1_405' title='bbox 1858 2912 1927 2951; x_wconf 82' lang='lat' dir='ltr'>la.</span> <span class='ocrx_word' id='word_1_406' title='bbox 1960 2910 2003 2949; x_wconf 94' lang='lat' dir='ltr'>D</span> <span class='ocrx_word' id='word_1_407' title='bbox 2036 2911 2061 2950; x_wconf 84' lang='lat'><strong>3</strong></span> <span class='ocrx_word' id='word_1_408' title='bbox 2095 2915 2133 2949; x_wconf 80' lang='lat' dir='ltr'>et</span> <span class='ocrx_word' id='word_1_409' title='bbox 2162 2922 2184 2950; x_wconf 78' lang='lat' dir='ltr'>e</span> <span class='ocrx_word' id='word_1_410' title='bbox 2212 2922 2325 2956; x_wconf 80' lang='lat' dir='ltr'>corr.</span> <span class='ocrx_word' id='word_1_411' title='bbox 2360 2911 2401 2951; x_wconf 90' lang='lat' dir='ltr'><strong>G</strong></span> <span class='ocrx_word' id='word_1_412' title='bbox 2432 2913 2475 2951; x_wconf 83' lang='lat'>4.</span> <span class='ocrx_word' id='word_1_413' title='bbox 2613 2909 2663 2963; x_wconf 88' lang='lat' dir='ltr'>x)</span> <span class='ocrx_word' id='word_1_414' title='bbox 2698 2912 2783 2951; x_wconf 89' lang='lat' dir='ltr'>ob-</span> 
     </span>
     <span class='ocr_line' id='line_1_35' title="bbox 543 2965 2007 3019; baseline 0 -12"><span class='ocrx_word' id='word_1_415' title='bbox 543 2969 662 3008; x_wconf 78' lang='lat' dir='ltr'>sidet</span> <span class='ocrx_word' id='word_1_416' title='bbox 689 2969 726 3007; x_wconf 80' lang='lat' dir='ltr'><strong>F</strong></span> <span class='ocrx_word' id='word_1_417' title='bbox 760 2971 800 3007; x_wconf 86' lang='lat'>1.</span> <span class='ocrx_word' id='word_1_418' title='bbox 922 2965 969 3019; x_wconf 87' lang='lat' dir='ltr'>y)</span> <span class='ocrx_word' id='word_1_419' title='bbox 1005 2978 1151 3017; x_wconf 84' lang='lat' dir='ltr'>eaque</span> <span class='ocrx_word' id='word_1_420' title='bbox 1185 2966 1226 3008; x_wconf 90' lang='lat' dir='ltr'><strong>G</strong></span> <span class='ocrx_word' id='word_1_421' title='bbox 1259 2971 1298 3007; x_wconf 91' lang='lat'>1.</span> <span class='ocrx_word' id='word_1_422' title='bbox 1422 2966 1464 3019; x_wconf 87' lang='lat' dir='ltr'>z)</span> <span class='ocrx_word' id='word_1_423' title='bbox 1497 2969 1634 3008; x_wconf 84' lang='lat' dir='ltr'>bellis</span> <span class='ocrx_word' id='word_1_424' title='bbox 1666 2969 1701 3011; x_wconf 83' lang='lat' dir='ltr'><strong>G</strong></span> <span class='ocrx_word' id='word_1_425' title='bbox 1735 2971 1775 3011; x_wconf 92' lang='lat' dir='ltr'>l.</span> <span class='ocrx_word' id='word_1_426' title='bbox 1807 2968 1848 3009; x_wconf 92' lang='lat' dir='ltr'><strong>G</strong></span> <span class='ocrx_word' id='word_1_427' title='bbox 1881 2970 2007 3008; x_wconf 84' lang='lat'><strong>1-3.</strong></span> 
     </span>
    </p>
   </div>
   <div class='ocr_carea' id='block_1_8' title="bbox 541 3080 2781 4390">
    <p class='ocr_par' dir='ltr' id='par_1_10' title="bbox 541 3080 2781 4390">
     <span class='ocr_line' id='line_1_36' title="bbox 547 3080 2781 3150; baseline 0.002 -20"><span class='ocrx_word' id='word_1_428' title='bbox 547 3081 603 3149; x_wconf 90' lang='lat'>1)</span> <span class='ocrx_word' id='word_1_429' title='bbox 642 3080 746 3145; x_wconf 83' lang='lat' dir='ltr'>IV,</span> <span class='ocrx_word' id='word_1_430' title='bbox 787 3082 873 3134; x_wconf 84' lang='lat'>51.</span> <span class='ocrx_word' id='word_1_431' title='bbox 1039 3081 1096 3144; x_wconf 83' lang='lat'>2)</span> <span class='ocrx_word' id='word_1_432' title='bbox 1135 3080 1332 3148; x_wconf 73' lang='lat' dir='ltr'>Puyna</span> <span class='ocrx_word' id='word_1_433' title='bbox 1377 3081 1507 3132; x_wconf 75' lang='lat' dir='ltr'>haec</span> <span class='ocrx_word' id='word_1_434' title='bbox 1552 3080 1790 3146; x_wconf 78' lang='lat' dir='ltr'>Ariperti</span> <span class='ocrx_word' id='word_1_435' title='bbox 1839 3082 1995 3149; x_wconf 76' lang='lat' dir='ltr'>hujus</span> <span class='ocrx_word' id='word_1_436' title='bbox 2043 3080 2269 3133; x_wconf 74' lang='lat' dir='ltr'>nominis</span> <span class='ocrx_word' id='word_1_437' title='bbox 2320 3082 2404 3135; x_wconf 90' lang='lat' dir='ltr'>II.</span> <span class='ocrx_word' id='word_1_438' title='bbox 2456 3080 2781 3150; x_wconf 68' lang='lat' dir='ltr'>Langobar-</span> 
     </span>
     <span class='ocr_line' id='line_1_37' title="bbox 543 3152 2779 3223; baseline 0 -16"><span class='ocrx_word' id='word_1_439' title='bbox 543 3156 732 3207; x_wconf 82' lang='lat' dir='ltr'>dorum</span> <span class='ocrx_word' id='word_1_440' title='bbox 767 3155 907 3223; x_wconf 75' lang='lat' dir='ltr'>reyis</span> <span class='ocrx_word' id='word_1_441' title='bbox 947 3156 1158 3221; x_wconf 74' lang='lat' dir='ltr'>ejusque</span> <span class='ocrx_word' id='word_1_442' title='bbox 1195 3155 1264 3205; x_wconf 83' lang='lat' dir='ltr'>de</span> <span class='ocrx_word' id='word_1_443' title='bbox 1301 3152 1578 3220; x_wconf 77' lang='lat' dir='ltr'>Liutperto</span> <span class='ocrx_word' id='word_1_444' title='bbox 1617 3171 1737 3222; x_wconf 62' lang='grc' dir='ltr'>φερε</span> <span class='ocrx_word' id='word_1_445' title='bbox 1786 3155 2009 3207; x_wconf 72' lang='lat' dir='ltr'>victoria</span> <span class='ocrx_word' id='word_1_446' title='bbox 2047 3156 2212 3207; x_wconf 78' lang='lat' dir='ltr'>lucem</span> <span class='ocrx_word' id='word_1_447' title='bbox 2250 3155 2441 3221; x_wconf 59' lang='lat' dir='ltr'>accipit</span> <span class='ocrx_word' id='word_1_448' title='bbox 2477 3172 2543 3206; x_wconf 73' lang='lat' dir='ltr'>eoe</span> <span class='ocrx_word' id='word_1_449' title='bbox 2580 3154 2695 3207; x_wconf 75' lang='lat' dir='ltr'>vita</span> <span class='ocrx_word' id='word_1_450' title='bbox 2732 3174 2779 3207; x_wconf 83' lang='lat'>8.</span> 
     </span>
     <span class='ocr_line' id='line_1_38' title="bbox 541 3225 2779 3294; baseline 0 -16"><span class='ocrx_word' id='word_1_451' title='bbox 541 3228 725 3279; x_wconf 74' lang='lat' dir='ltr'>Boniti</span> <span class='ocrx_word' id='word_1_452' title='bbox 775 3228 1072 3294; x_wconf 68' lang='lat' dir='ltr'>exepiscopi</span> <span class='ocrx_word' id='word_1_453' title='bbox 1117 3227 1479 3290; x_wconf 61' lang='lat' dir='ltr'>Arcem-nensis,</span> <span class='ocrx_word' id='word_1_454' title='bbox 1541 3236 1587 3278; x_wconf 79' lang='lat' dir='ltr'>et</span> <span class='ocrx_word' id='word_1_455' title='bbox 1645 3228 1729 3279; x_wconf 78' lang='lat' dir='ltr'>hic</span> <span class='ocrx_word' id='word_1_456' title='bbox 1787 3229 1860 3279; x_wconf 81' lang='lat' dir='ltr'>ad</span> <span class='ocrx_word' id='word_1_457' title='bbox 1916 3225 2205 3279; x_wconf 73' lang='lat' dir='ltr'>uberiorem</span> <span class='ocrx_word' id='word_1_458' title='bbox 2261 3228 2512 3278; x_wconf 76' lang='lat' dir='ltr'>historiae</span> <span class='ocrx_word' id='word_1_459' title='bbox 2568 3229 2779 3294; x_wconf 76' lang='lat' dir='ltr'>copiam</span> 
     </span>
     <span class='ocr_line' id='line_1_39' title="bbox 543 3298 2777 3369; baseline 0.001 -18"><span class='ocrx_word' id='word_1_460' title='bbox 543 3302 861 3352; x_wconf 78' lang='lat' dir='ltr'>transscribo</span> <span class='ocrx_word' id='word_1_461' title='bbox 902 3302 970 3364; x_wconf 89' lang='lat' dir='ltr'>(c.</span> <span class='ocrx_word' id='word_1_462' title='bbox 1011 3302 1098 3362; x_wconf 83' lang='lat'>24,</span> <span class='ocrx_word' id='word_1_463' title='bbox 1139 3302 1220 3351; x_wconf 83' lang='lat' dir='ltr'>ed.</span> <span class='ocrx_word' id='word_1_464' title='bbox 1286 3300 1567 3364; x_wconf 73' lang='lat' dir='ltr'>Mobillon,</span> <span class='ocrx_word' id='word_1_465' title='bbox 1604 3298 1740 3351; x_wconf 79' lang='lat' dir='ltr'>Acta</span> <span class='ocrx_word' id='word_1_466' title='bbox 1778 3301 1892 3364; x_wconf 91' lang='lat' dir='ltr'>III,</span> <span class='ocrx_word' id='word_1_467' title='bbox 1937 3304 1983 3365; x_wconf 90' lang='lat'>1,</span> <span class='ocrx_word' id='word_1_468' title='bbox 2016 3319 2074 3367; x_wconf 84' lang='lat' dir='ltr'>p.</span> <span class='ocrx_word' id='word_1_469' title='bbox 2114 3302 2241 3369; x_wconf 84' lang='lat'><strong>96).·</strong></span> <span class='ocrx_word' id='word_1_470' title='bbox 2279 3302 2529 3367; x_wconf 87' lang='lat' dir='ltr'>Denique</span> <span class='ocrx_word' id='word_1_471' title='bbox 2569 3303 2628 3351; x_wconf 87' lang='lat' dir='ltr'>in</span> <span class='ocrx_word' id='word_1_472' title='bbox 2664 3304 2777 3353; x_wconf 81' lang='lat' dir='ltr'>Ita·</span> 
     </span>
     <span class='ocr_line' id='line_1_40' title="bbox 541 3374 2777 3440; baseline 0.001 -17"><span class='ocrx_word' id='word_1_473' title='bbox 541 3375 669 3425; x_wconf 87' lang='lat' dir='ltr'>liam</span> <span class='ocrx_word' id='word_1_474' title='bbox 706 3376 976 3440; x_wconf 83' lang='lat' dir='ltr'>ingressus</span> <span class='ocrx_word' id='word_1_475' title='bbox 1018 3374 1310 3437; x_wconf 74' lang='lat' dir='ltr'>(Bonitus),</span> <span class='ocrx_word' id='word_1_476' title='bbox 1353 3390 1385 3423; x_wconf 87' lang='lat' dir='ltr'>a</span> <span class='ocrx_word' id='word_1_477' title='bbox 1425 3391 1553 3438; x_wconf 87' lang='lat' dir='ltr'>rege</span> <span class='ocrx_word' id='word_1_478' title='bbox 1592 3376 2067 3440; x_wconf 83' lang='lat' dir='ltr'>Longobardorum</span> <span class='ocrx_word' id='word_1_479' title='bbox 2108 3381 2161 3425; x_wconf 88' lang='lat' dir='ltr'>et</span> <span class='ocrx_word' id='word_1_480' title='bbox 2208 3376 2399 3425; x_wconf 82' lang='lat' dir='ltr'>devote</span> <span class='ocrx_word' id='word_1_481' title='bbox 2436 3380 2489 3425; x_wconf 84' lang='lat' dir='ltr'>et</span> <span class='ocrx_word' id='word_1_482' title='bbox 2529 3380 2777 3425; x_wconf 85' lang='lat' dir='ltr'>amanter</span> 
     </span>
     <span class='ocr_line' id='line_1_41' title="bbox 543 3448 2777 3514; baseline 0 -17"><span class='ocrx_word' id='word_1_483' title='bbox 543 3454 796 3513; x_wconf 86' lang='lat' dir='ltr'>acceptus</span> <span class='ocrx_word' id='word_1_484' title='bbox 837 3452 944 3511; x_wconf 82' lang='lat' dir='ltr'>est3</span> <span class='ocrx_word' id='word_1_485' title='bbox 1000 3450 1090 3512; x_wconf 91' lang='lat' dir='ltr'>qui</span> <span class='ocrx_word' id='word_1_486' title='bbox 1131 3464 1248 3497; x_wconf 87' lang='lat' dir='ltr'>cum</span> <span class='ocrx_word' id='word_1_487' title='bbox 1286 3448 1388 3498; x_wconf 82' lang='lat' dir='ltr'>viri</span> <span class='ocrx_word' id='word_1_488' title='bbox 1425 3449 1532 3497; x_wconf 89' lang='lat' dir='ltr'>Dei</span> <span class='ocrx_word' id='word_1_489' title='bbox 1572 3448 1850 3514; x_wconf 84' lang='lat' dir='ltr'>colloquiis</span> <span class='ocrx_word' id='word_1_490' title='bbox 1902 3450 2174 3511; x_wconf 82' lang='lat' dir='ltr'>frueretur,</span> <span class='ocrx_word' id='word_1_491' title='bbox 2227 3448 2434 3499; x_wconf 86' lang='lat' dir='ltr'>audivit</span> <span class='ocrx_word' id='word_1_492' title='bbox 2482 3448 2553 3497; x_wconf 80' lang='lat' dir='ltr'>ad</span> <span class='ocrx_word' id='word_1_493' title='bbox 2592 3464 2653 3499; x_wconf 89' lang='lat' dir='ltr'>se</span> <span class='ocrx_word' id='word_1_494' title='bbox 2690 3464 2777 3498; x_wconf 88' lang='lat' dir='ltr'>re-</span> 
     </span>
     <span class='ocr_line' id='line_1_42' title="bbox 543 3519 2775 3584; baseline 0.001 -15"><span class='ocrx_word' id='word_1_495' title='bbox 543 3520 684 3582; x_wconf 86' lang='lat' dir='ltr'>ferri,</span> <span class='ocrx_word' id='word_1_496' title='bbox 739 3522 925 3571; x_wconf 90' lang='lat' dir='ltr'>urbem</span> <span class='ocrx_word' id='word_1_497' title='bbox 984 3519 1280 3583; x_wconf 76' lang='lat' dir='ltr'>(Ticinum)</span> <span class='ocrx_word' id='word_1_498' title='bbox 1341 3522 1408 3572; x_wconf 88' lang='lat' dir='ltr'>ab</span> <span class='ocrx_word' id='word_1_499' title='bbox 1468 3523 1705 3572; x_wconf 86' lang='lat' dir='ltr'>exercitu</span> <span class='ocrx_word' id='word_1_500' title='bbox 1762 3521 2015 3573; x_wconf 83' lang='lat' dir='ltr'>obsideri.</span> <span class='ocrx_word' id='word_1_501' title='bbox 2108 3521 2179 3571; x_wconf 85' lang='lat' dir='ltr'>At</span> <span class='ocrx_word' id='word_1_502' title='bbox 2219 3521 2314 3572; x_wconf 87' lang='lat' dir='ltr'>ille</span> <span class='ocrx_word' id='word_1_503' title='bbox 2361 3536 2483 3571; x_wconf 86' lang='lat' dir='ltr'>mox</span> <span class='ocrx_word' id='word_1_504' title='bbox 2530 3521 2775 3584; x_wconf 81' lang='lat' dir='ltr'>exiliens,</span> 
     </span>
     <span class='ocr_line' id='line_1_43' title="bbox 543 3594 2773 3660; baseline 0.001 -18"><span class='ocrx_word' id='word_1_505' title='bbox 543 3594 693 3643; x_wconf 89' lang='lat' dir='ltr'>iubet</span> <span class='ocrx_word' id='word_1_506' title='bbox 739 3608 863 3645; x_wconf 72' lang='lat' dir='ltr'>euos</span> <span class='ocrx_word' id='word_1_507' title='bbox 915 3610 1062 3643; x_wconf 83' lang='lat' dir='ltr'>arma</span> <span class='ocrx_word' id='word_1_508' title='bbox 1114 3609 1393 3660; x_wconf 79' lang='lat' dir='ltr'>capessere</span> <span class='ocrx_word' id='word_1_509' title='bbox 1445 3610 1733 3660; x_wconf 85' lang='lat' dir='ltr'>secumque</span> <span class='ocrx_word' id='word_1_510' title='bbox 1786 3601 1971 3645; x_wconf 86' lang='lat' dir='ltr'>contra</span> <span class='ocrx_word' id='word_1_511' title='bbox 2020 3596 2199 3645; x_wconf 86' lang='lat' dir='ltr'>hostes</span> <span class='ocrx_word' id='word_1_512' title='bbox 2252 3594 2598 3645; x_wconf 79' lang='lat' dir='ltr'>dimicaturos</span> <span class='ocrx_word' id='word_1_513' title='bbox 2652 3610 2773 3646; x_wconf 86' lang='lat' dir='ltr'>esse</span> 
     </span>
     <span class='ocr_line' id='line_1_44' title="bbox 543 3665 2777 3732; baseline 0.002 -18"><span class='ocrx_word' id='word_1_514' title='bbox 543 3669 756 3732; x_wconf 87' lang='lat' dir='ltr'>paratos</span> <span class='ocrx_word' id='word_1_515' title='bbox 794 3665 864 3716; x_wconf 84' lang='lat' dir='ltr'>ad</span> <span class='ocrx_word' id='word_1_516' title='bbox 901 3682 1154 3731; x_wconf 88' lang='lat' dir='ltr'>pugnam.</span> <span class='ocrx_word' id='word_1_517' title='bbox 1229 3666 1530 3718; x_wconf 86' lang='lat' dir='ltr'>Conversus</span> <span class='ocrx_word' id='word_1_518' title='bbox 1558 3674 1734 3717; x_wconf 81' lang='lat' dir='ltr'>autem</span> <span class='ocrx_word' id='word_1_519' title='bbox 1773 3668 2042 3718; x_wconf 84' lang='lat' dir='ltr'>humiliter</span> <span class='ocrx_word' id='word_1_520' title='bbox 2061 3668 2131 3717; x_wconf 86' lang='lat' dir='ltr'>ad</span> <span class='ocrx_word' id='word_1_521' title='bbox 2168 3670 2338 3718; x_wconf 81' lang='lat' dir='ltr'>virum</span> <span class='ocrx_word' id='word_1_522' title='bbox 2364 3668 2495 3718; x_wconf 84' lang='lat' dir='ltr'>Dei:</span> <span class='ocrx_word' id='word_1_523' title='bbox 2539 3668 2777 3730; x_wconf 79' lang='lat' dir='ltr'>‘Quaeso</span> 
     </span>
     <span class='ocr_line' id='line_1_45' title="bbox 544 3738 2776 3808; baseline 0.001 -20"><span class='ocrx_word' id='word_1_524' title='bbox 544 3744 596 3788; x_wconf 86' lang='lat' dir='ltr'>te</span> <span class='ocrx_word' id='word_1_525' title='bbox 635 3738 818 3804; x_wconf 83' lang='lat' dir='ltr'>pater’,</span> <span class='ocrx_word' id='word_1_526' title='bbox 857 3739 1044 3804; x_wconf 89' lang='lat' dir='ltr'>inquit,</span> <span class='ocrx_word' id='word_1_527' title='bbox 1085 3741 1162 3790; x_wconf 86' lang='lat' dir='ltr'>‘ut</span> <span class='ocrx_word' id='word_1_528' title='bbox 1196 3757 1292 3807; x_wconf 90' lang='lat' dir='ltr'>pro</span> <span class='ocrx_word' id='word_1_529' title='bbox 1332 3756 1417 3791; x_wconf 88' lang='lat' dir='ltr'>me</span> <span class='ocrx_word' id='word_1_530' title='bbox 1455 3741 1686 3791; x_wconf 86' lang='lat' dir='ltr'>Domino</span> <span class='ocrx_word' id='word_1_531' title='bbox 1724 3757 1912 3808; x_wconf 88' lang='lat' dir='ltr'>preces</span> <span class='ocrx_word' id='word_1_532' title='bbox 1950 3741 2155 3792; x_wconf 83' lang='lat' dir='ltr'>offeras.</span> <span class='ocrx_word' id='word_1_533' title='bbox 2230 3742 2366 3791; x_wconf 82' lang='lat' dir='ltr'>Nam</span> <span class='ocrx_word' id='word_1_534' title='bbox 2394 3741 2525 3791; x_wconf 87' lang='lat' dir='ltr'>mihi</span> <span class='ocrx_word' id='word_1_535' title='bbox 2562 3756 2650 3792; x_wconf 89' lang='lat' dir='ltr'>res</span> <span class='ocrx_word' id='word_1_536' title='bbox 2690 3746 2776 3791; x_wconf 86' lang='lat' dir='ltr'>est</span> 
     </span>
     <span class='ocr_line' id='line_1_46' title="bbox 546 3810 2774 3879; baseline 0 -17"><span class='ocrx_word' id='word_1_537' title='bbox 546 3827 666 3862; x_wconf 90' lang='lat' dir='ltr'>cum</span> <span class='ocrx_word' id='word_1_538' title='bbox 716 3810 956 3862; x_wconf 83' lang='lat' dir='ltr'>hostibus</span> <span class='ocrx_word' id='word_1_539' title='bbox 1006 3814 1157 3865; x_wconf 87' lang='lat' dir='ltr'>meis.</span> <span class='ocrx_word' id='word_1_540' title='bbox 1251 3815 1443 3865; x_wconf 80' lang='lat' dir='ltr'>Liceat</span> <span class='ocrx_word' id='word_1_541' title='bbox 1493 3816 1624 3864; x_wconf 89' lang='lat' dir='ltr'>mihi</span> <span class='ocrx_word' id='word_1_542' title='bbox 1672 3820 1765 3864; x_wconf 83' lang='lat' dir='ltr'>tua</span> <span class='ocrx_word' id='word_1_543' title='bbox 1819 3815 2200 3865; x_wconf 85' lang='lat' dir='ltr'>intercessione</span> <span class='ocrx_word' id='word_1_544' title='bbox 2252 3830 2317 3864; x_wconf 86' lang='lat' dir='ltr'>ex</span> <span class='ocrx_word' id='word_1_545' title='bbox 2366 3814 2473 3864; x_wconf 91' lang='lat' dir='ltr'>illis</span> <span class='ocrx_word' id='word_1_546' title='bbox 2530 3814 2774 3879; x_wconf 89' lang='lat' dir='ltr'>palmam</span> 
     </span>
     <span class='ocr_line' id='line_1_47' title="bbox 543 3884 2774 3954; baseline 0.001 -19"><span class='ocrx_word' id='word_1_547' title='bbox 543 3884 770 3935; x_wconf 86' lang='lat' dir='ltr'>referre’.</span> <span class='ocrx_word' id='word_1_548' title='bbox 848 3884 974 3934; x_wconf 89' lang='lat' dir='ltr'>Mox</span> <span class='ocrx_word' id='word_1_549' title='bbox 996 3886 1120 3935; x_wconf 83' lang='lat' dir='ltr'>inde</span> <span class='ocrx_word' id='word_1_550' title='bbox 1159 3888 1342 3938; x_wconf 88' lang='lat' dir='ltr'>urbem</span> <span class='ocrx_word' id='word_1_551' title='bbox 1383 3903 1645 3953; x_wconf 86' lang='lat' dir='ltr'>egressus,</span> <span class='ocrx_word' id='word_1_552' title='bbox 1683 3888 1941 3954; x_wconf 87' lang='lat' dir='ltr'>proelium</span> <span class='ocrx_word' id='word_1_553' title='bbox 1971 3903 2089 3938; x_wconf 91' lang='lat' dir='ltr'>cum</span> <span class='ocrx_word' id='word_1_554' title='bbox 2128 3887 2365 3938; x_wconf 87' lang='lat' dir='ltr'>hostibus</span> <span class='ocrx_word' id='word_1_555' title='bbox 2402 3888 2540 3937; x_wconf 88' lang='lat' dir='ltr'>iniit.</span> <span class='ocrx_word' id='word_1_556' title='bbox 2613 3886 2774 3938; x_wconf 82' lang='lat' dir='ltr'>Adeo</span> 
     </span>
     <span class='ocr_line' id='line_1_48' title="bbox 543 3957 2777 4026; baseline 0.001 -18"><span class='ocrx_word' id='word_1_557' title='bbox 543 3974 669 4008; x_wconf 85' lang='lat' dir='ltr'>vero</span> <span class='ocrx_word' id='word_1_558' title='bbox 708 3958 946 4024; x_wconf 82' lang='lat' dir='ltr'>partibus</span> <span class='ocrx_word' id='word_1_559' title='bbox 982 3957 1214 4026; x_wconf 86' lang='lat' dir='ltr'>Ariperti</span> <span class='ocrx_word' id='word_1_560' title='bbox 1255 3988 1320 3997; x_wconf 93' lang='lat'>-—</span> <span class='ocrx_word' id='word_1_561' title='bbox 1370 3962 1446 4011; x_wconf 84' lang='lat' dir='ltr'>ita</span> <span class='ocrx_word' id='word_1_562' title='bbox 1498 3962 1637 4010; x_wconf 89' lang='lat' dir='ltr'>enim</span> <span class='ocrx_word' id='word_1_563' title='bbox 1689 3961 1779 4010; x_wconf 86' lang='lat' dir='ltr'>ille</span> <span class='ocrx_word' id='word_1_564' title='bbox 1832 3977 1924 4011; x_wconf 82' lang='lat' dir='ltr'>rex</span> <span class='ocrx_word' id='word_1_565' title='bbox 1962 3961 2436 4025; x_wconf 84' lang='lat' dir='ltr'>Longobardorum</span> <span class='ocrx_word' id='word_1_566' title='bbox 2473 3960 2777 4011; x_wconf 78' lang='lat' dir='ltr'>vocabatur</span> 
     </span>
     <span class='ocr_line' id='line_1_49' title="bbox 547 4031 2773 4101; baseline 0.001 -21"><span class='ocrx_word' id='word_1_567' title='bbox 547 4059 608 4067; x_wconf 93' lang='lat'>-—</span> <span class='ocrx_word' id='word_1_568' title='bbox 653 4031 785 4082; x_wconf 84' lang='lat' dir='ltr'>favit</span> <span class='ocrx_word' id='word_1_569' title='bbox 820 4032 1060 4094; x_wconf 83' lang='lat' dir='ltr'>victoria,</span> <span class='ocrx_word' id='word_1_570' title='bbox 1098 4038 1173 4095; x_wconf 86' lang='lat' dir='ltr'>ut,</span> <span class='ocrx_word' id='word_1_571' title='bbox 1212 4034 1392 4087; x_wconf 87' lang='lat' dir='ltr'>multis</span> <span class='ocrx_word' id='word_1_572' title='bbox 1433 4035 1605 4085; x_wconf 87' lang='lat' dir='ltr'>caesis</span> <span class='ocrx_word' id='word_1_573' title='bbox 1644 4039 1803 4099; x_wconf 82' lang='lat' dir='ltr'>atque</span> <span class='ocrx_word' id='word_1_574' title='bbox 1840 4035 2137 4101; x_wconf 87' lang='lat' dir='ltr'>prostratis,</span> <span class='ocrx_word' id='word_1_575' title='bbox 2173 4048 2300 4097; x_wconf 85' lang='lat' dir='ltr'>rege</span> <span class='ocrx_word' id='word_1_576' title='bbox 2341 4049 2555 4099; x_wconf 89' lang='lat' dir='ltr'>quoque</span> <span class='ocrx_word' id='word_1_577' title='bbox 2592 4034 2652 4083; x_wconf 87' lang='lat' dir='ltr'>in</span> <span class='ocrx_word' id='word_1_578' title='bbox 2688 4034 2773 4083; x_wconf 87' lang='lat' dir='ltr'>in-</span> 
     </span>
     <span class='ocr_line' id='line_1_50' title="bbox 542 4103 2773 4173; baseline 0.001 -19"><span class='ocrx_word' id='word_1_579' title='bbox 542 4105 704 4169; x_wconf 88' lang='lat' dir='ltr'>guine</span> <span class='ocrx_word' id='word_1_580' title='bbox 739 4103 1015 4155; x_wconf 87' lang='lat' dir='ltr'>vulnerato</span> <span class='ocrx_word' id='word_1_581' title='bbox 1056 4112 1109 4157; x_wconf 86' lang='lat' dir='ltr'>et</span> <span class='ocrx_word' id='word_1_582' title='bbox 1148 4113 1320 4172; x_wconf 85' lang='lat' dir='ltr'>capto,</span> <span class='ocrx_word' id='word_1_583' title='bbox 1373 4124 1493 4158; x_wconf 87' lang='lat' dir='ltr'>cum</span> <span class='ocrx_word' id='word_1_584' title='bbox 1545 4122 1738 4172; x_wconf 82' lang='lat' dir='ltr'>magno</span> <span class='ocrx_word' id='word_1_585' title='bbox 1788 4106 2021 4173; x_wconf 86' lang='lat' dir='ltr'>tripudio</span> <span class='ocrx_word' id='word_1_586' title='bbox 2071 4105 2143 4157; x_wconf 86' lang='lat' dir='ltr'>ad</span> <span class='ocrx_word' id='word_1_587' title='bbox 2179 4108 2351 4159; x_wconf 85' lang='lat' dir='ltr'>virum</span> <span class='ocrx_word' id='word_1_588' title='bbox 2388 4106 2498 4156; x_wconf 88' lang='lat' dir='ltr'>Dei</span> <span class='ocrx_word' id='word_1_589' title='bbox 2534 4106 2773 4169; x_wconf 82' lang='lat' dir='ltr'>redierit,</span> 
     </span>
     <span class='ocr_line' id='line_1_51' title="bbox 546 4177 2768 4246; baseline 0.001 -19"><span class='ocrx_word' id='word_1_590' title='bbox 546 4177 702 4242; x_wconf 90' lang='lat' dir='ltr'>eique</span> <span class='ocrx_word' id='word_1_591' title='bbox 740 4194 834 4244; x_wconf 87' lang='lat' dir='ltr'>pro</span> <span class='ocrx_word' id='word_1_592' title='bbox 872 4193 1089 4244; x_wconf 89' lang='lat' dir='ltr'>precum</span> <span class='ocrx_word' id='word_1_593' title='bbox 1125 4178 1270 4229; x_wconf 83' lang='lat' dir='ltr'>illius</span> <span class='ocrx_word' id='word_1_594' title='bbox 1307 4180 1572 4245; x_wconf 83' lang='lat' dir='ltr'>suffragiis</span> <span class='ocrx_word' id='word_1_595' title='bbox 1610 4182 1813 4245; x_wconf 83' lang='lat' dir='ltr'>gratias</span> <span class='ocrx_word' id='word_1_596' title='bbox 1851 4196 2035 4246; x_wconf 80' lang='lat' dir='ltr'>agens,</span> <span class='ocrx_word' id='word_1_597' title='bbox 2093 4179 2267 4231; x_wconf 86' lang='lat' dir='ltr'>denuo</span> <span class='ocrx_word' id='word_1_598' title='bbox 2318 4195 2377 4231; x_wconf 88' lang='lat' dir='ltr'>se</span> <span class='ocrx_word' id='word_1_599' title='bbox 2418 4180 2531 4230; x_wconf 90' lang='lat' dir='ltr'>eius</span> <span class='ocrx_word' id='word_1_600' title='bbox 2570 4181 2768 4231; x_wconf 87' lang='lat' dir='ltr'>oratio-</span> 
     </span>
     <span class='ocr_line' id='line_1_52' title="bbox 542 4250 2770 4319; baseline 0.002 -20"><span class='ocrx_word' id='word_1_601' title='bbox 542 4250 698 4303; x_wconf 89' lang='lat' dir='ltr'>nibus</span> <span class='ocrx_word' id='word_1_602' title='bbox 738 4250 1120 4303; x_wconf 86' lang='lat' dir='ltr'>commendarit</span> <span class='ocrx_word' id='word_1_603' title='bbox 1157 4252 1322 4302; x_wconf 88' lang='lat' dir='ltr'>multa</span> <span class='ocrx_word' id='word_1_604' title='bbox 1363 4269 1480 4303; x_wconf 87' lang='lat' dir='ltr'>cum</span> <span class='ocrx_word' id='word_1_605' title='bbox 1519 4253 1816 4306; x_wconf 84' lang='lat' dir='ltr'>humilitate</span> <span class='ocrx_word' id='word_1_606' title='bbox 1857 4259 1912 4304; x_wconf 91' lang='lat' dir='ltr'>et</span> <span class='ocrx_word' id='word_1_607' title='bbox 1948 4254 2005 4304; x_wconf 92' lang='lat' dir='ltr'>in</span> <span class='ocrx_word' id='word_1_608' title='bbox 2040 4269 2207 4319; x_wconf 84' lang='lat' dir='ltr'>regno</span> <span class='ocrx_word' id='word_1_609' title='bbox 2246 4268 2341 4303; x_wconf 85' lang='lat' dir='ltr'>suo</span> <span class='ocrx_word' id='word_1_610' title='bbox 2388 4268 2476 4304; x_wconf 89' lang='lat' dir='ltr'>res</span> <span class='ocrx_word' id='word_1_611' title='bbox 2515 4268 2770 4305; x_wconf 85' lang='lat' dir='ltr'>necessa-</span> 
     </span>
     <span class='ocr_line' id='line_1_53' title="bbox 541 4322 1535 4390; baseline 0.005 -18"><span class='ocrx_word' id='word_1_612' title='bbox 541 4324 648 4374; x_wconf 81' lang='lat' dir='ltr'>rias</span> <span class='ocrx_word' id='word_1_613' title='bbox 683 4322 765 4373; x_wconf 89' lang='lat' dir='ltr'>illi</span> <span class='ocrx_word' id='word_1_614' title='bbox 801 4325 1046 4390; x_wconf 84' lang='lat' dir='ltr'>praeberi</span> <span class='ocrx_word' id='word_1_615' title='bbox 1085 4327 1365 4376; x_wconf 84' lang='lat' dir='ltr'>curaverit.</span> <span class='ocrx_word' id='word_1_616' title='bbox 1442 4326 1535 4378; x_wconf 91' lang='grc' dir='ltr'>ΒῙ.</span> 
     </span>
    </p>
   </div>
  </div>
 </body>
</html>
