2984 4917
530 13 773 236 {W

528 379 630 429 172
834 377 1057 429 PAULI
1094 377 1442 430 HISTORIA
1478 376 2152 430 LANGOBARDORUM.
2228 378 2372 430 LIB.
2413 379 2519 518 IVi

409 562 506 616 (49)
524 545 708 610 vidit.
808 543 1145 610 Rodoalda
1208 545 1405 631 igitur
1518 552 1618 607 ost
1679 544 1871 607 funus
1933 547 2134 629 patris
2192 545 2330 611 Lan
2379 545 2766 612 obardorum

522 651 791 714 regnum
858 629 1211 714 suscipiens
1230 677 1247 710 ,
1316 627 1465 693 Gun
1513 629 1804 714 ipergam
1845 626 2110 712 Agilulfi
2169 639 2234 695 et
2283 630 2340 694 T
2387 628 2766 695 eudelindae

522 713 683 779 sibil’
748 711 947 777 filiam
1008 714 1076 776 in
1126 713 1606 777 matrimonium
1671 713 1999 777 sociavit1.
2105 713 2290 778 Haec
2341 712 2766 800 Gundiperga

519 798 743 882 regina
790 797 874 862 ad
928 799 1129 861 instar
1188 817 1341 860 suae
1393 796 1770 881 genetricis,
1830 797 1998 861 sicut
2037 795 2146 860 illa
2187 799 2256 860 in
2295 797 2607 876 Modicia,
2665 799 2762 862 sie

522 890 587 946 et
640 881 766 946 ista
818 883 985 945 intra
1040 879 1447 944 Ticinensem
1514 881 1835 945 civitatem
1897 879 2229 945 basilicam
2285 884 2356 946 in
2417 881 2763 946 honorem⁰

521 965 698 1031 beati
746 964 1049 1035 Iohannis
1108 961 1193 1027 ba
1238 964 1425 1029 tistae
1479 965 1852 1046 construxit,
1914 986 2102 1063 quam
2148 967 2307 1030 mire
2353 989 2437 1030 ex
2493 987 2650 1029 auro
2704 975 2766 1029 et

520 1059 787 1134 argento
833 1047 1165 1134 peplisque
1242 1049 1525 1112 ecoravit
1553 1047 1873 1134 rebusque
1903 1048 2170 1133 smgulis
2202 1072 2239 1114 o
2286 1051 2414 1114 ime
2433 1050 2461 1091 ἀ
2507 1049 2763 1131 ditavit3

520 1133 591 1196 in
636 1154 765 1218 qua
807 1141 911 1197 et⁰
957 1133 1093 1196 eius
1139 1153 1371 1218 corpus
1416 1130 1799 1197 tumulatum
1859 1133 2153 1218 quiescit.
2307 1155 2422 1198 aec
2479 1132 2636 1197 dum
2685 1133 2766 1197 de

522 1217 787 1282 crimine
830 1215 1122 1281 adulterii
1166 1227 1325 1301 aput
1375 1216 1589 1279 virum
1644 1226 1946 1280 accusata
1986 1217 2228 1299 fuisset,
2283 1218 2585 1303 proprius
2630 1217 2768 1281 eius

519 1323 741 1366 servus
787 1299 1075 1366 Carellus
1104 1301 1362 1364 nomine
1389 1322 1429 1363 a
1456 1322 1609 1386 rege
1639 1301 1924 1385 expetiit,
1969 1310 2040 1365 ut
2081 1323 2229 1365 cum
2260 1323 2335 1366 eo
2369 1303 2479 1386 qui
2509 1301 2770 1386 reginae

525 1385 810 1450 crimen?
851 1387 1249 1470 ingesserat&
1292 1406 1409 1470 pro
1442 1384 1731 1447 castitate
1763 1406 1914 1448 suae
1951 1384 2246 1449 dominae
2276 1385 2768 1450 monomachiah

524 1468 875 1533 dimicaret.
955 1469 1085 1550 Qui
1116 1468 1271 1532 dum
1302 1469 1481 1532 eumi
1515 1468 1917 1532 criminatore
1945 1467 2053 1532 illo
2087 1469 2409 1554 singulare
2441 1479 2766 1534 certamen

520 1554 773 1636 inisset,
851 1575 997 1617 eum
1078 1561 1309 1617 cuncto
1384 1574 1469 1637 po
1520 1549 1627 1615 ulo
1694 1551 1989 1617 adstante
2072 1554 2414 1639 superavit.
2518 1553 2775 1638 Regina

312 1631 333 1660 ⁶
523 1659 678 1702 vero
783 1638 921 1701 ostk
978 1637 1101 1700 hoc
1144 1636 1385 1700 factum
1430 1658 1469 1698 a
1558 1635 1933 1720 dignitatem
1975 1637 2312 1721 pristinam
2354 1637 2567 1702 rediit.

689 1724 734 1785 4
780 1723 824 1785 .¹
912 1720 1259 1785 Rodoaldm
1291 1742 1568 1806 quoque,
1613 1730 1684 1783 ut
1726 1719 1944 1801 fertur,
1990 1720 2146 1784 dum
2187 1719 2498 1786 uxorem¹¹
2557 1722 2774 1785 cuius-

152 1800 302 1853 Γῆς
475 1775 492 1933 Ι
525 1803 675 1868 dam
716 1803 1126 1889 Langobardi
1165 1814 1578 1890 stuprasseto,
1623 1803 1704 1868 ab
1750 1803 1973 1868 eodem
2019 1805 2388 1871 interfectus
2433 1816 2549 1887 est,
2644 1813 2768 1868 ost-

525 1910 717 1975 quam
786 1899 1028 1974 septem
1090 1888 1315 1953 diebus
1382 1901 1445 1953 et
1511 1889 1794 1973 quinque
1858 1900 2236 1973 regnaverat
2299 1891 2503 1953 anniS.
2659 1890 2772 1952 uic

399 1975 833 2037 esa-successit
894 1973 961 2036 in
1026 1973 1209 2056 regni
1273 1973 1582 2057 regimine
1638 1971 1920 2058 Aripert,
1985 1971 2152 2036 filius
2198 1971 2587 2055 Gundoaldi,
2651 1973 2764 2058 qui

521 2056 731 2122 fuerat
780 2078 1121 2142 germanus
1166 2054 1648 2121 Theudelindae
1703 2057 1986 2142 reginae.
2071 2057 2200 2120 Hic
2259 2056 2547 2121 condidit
2611 2065 2769 2142 aput

521 2141 820 2206 Ticinum
882 2139 1211 2206 oraculum
1266 2140 1552 2204 dominil¹
1613 2138 1988 2223 Salvatoris,
2043 2141 2218 2240 quod
2276 2151 2460 2205 extra
2511 2152 2770 2227 portam

524 2223 1013 2307 occidentalem,
1082 2247 1245 2310 quae
1303 2224 1540 2289 dieitur
1595 2224 1898 2289 Marenca
1915 2237 1965 2305 q,
2021 2235 2214 2290 s1tum
2258 2234 2385 2308 est3
2492 2225 2624 2289 uod
2675 2235 2768 2289 θῐῑ·

525 2310 911 2374 ornamentis
941 2310 1135 2372 variis
1166 2308 1492 2396 decoravit
1528 2319 1622 2373 ets
1655 2308 2025 2373 substantiis
2055 2248 2702 2374 sufficienterfflitavit
2721 2320 2770 2373 ².

403 2386 506 2484 3⁴2¹)
689 2395 793 2458 49.
879 2393 1003 2456 His
1070 2391 1297 2458 diebus
1363 2391 1663 2457 defuncto
1715 2391 1971 2457 Eraclio
2037 2404 2313 2478 augusto
2389 2401 2548 2479 aput
2599 2391 2770 2458 Con-

288 2499 362 2554 ·p.
400 2448 503 2546 132⁰
522 2476 1018 2562 stantinopolim,
1064 2475 1508 2559 Heraclones²,
1575 2479 1712 2542 eius
1765 2475 1993 2558 *filius,
2040 2499 2186 2541 cum
2229 2485 2432 2541 matre
2482 2477 2770 2541 Martina

519 2561 703 2646 regni
742 2562 885 2624 iura
928 2561 1210 2645 suscepit
1262 2562 1556 2646 rexitque
1598 2561 1941 2646 imperium
1984 2560 2234 2627 duobus
2279 2562 2462 2625 annis
2481 2571 2527 2625 ³.
2617 2561 2770 2642 Quo

154 147 303 310 (Μ
339 81 485 304 ’ῗῗω

292 287 371 356 w

160 1864 187 1882 κ’
203 1879 233 1910 ⁴,

524 2712 570 2766 a)
603 2715 671 2752 hic
698 2725 857 2753 novum
887 2725 985 2763 cap.
1018 2715 1232 2763 incipiunt
1264 2725 1407 2753 omnes
1438 2715 1560 2755 codd.
1588 2720 1766 2764 praeter
1797 2714 1897 2756 Aa.
1915 2716 1956 2766 6,
1989 2719 2026 2754 et
2058 2715 2148 2755 edd.
2182 2715 2281 2756 Aac.
2315 2721 2354 2754 et
2385 2716 2518 2763 Pena„
2550 2719 2626 2756 sed
2650 2719 2766 2758 oblo-

524 2774 673 2823 quitur
705 2774 845 2813 index.
908 2773 965 2812 In
992 2773 1033 2812 A
1056 2775 1078 2811 1
1112 2774 1187 2812 hoc
1218 2774 1312 2812 loco
1334 2773 1521 2822 ponitur
1552 2779 1788 2823 xxxxvll,
1819 2775 1892 2813 sed
1920 2785 2099 2822 sequens
2128 2785 2224 2824 cap.
2256 2780 2513 2814 numeratur
2542 2782 2770 2828 xxxxlx,

518 2836 622 2882 post
666 2833 781 2881 quod
825 2832 888 2870 bis
918 2831 957 2870 L
988 2832 1204 2871 scribitur.
1239 2853 1291 2863 -
1340 2832 1455 2871 Rod.
1504 2853 1540 2860 -—
1595 2833 1790 2872 sociavit
1835 2834 1920 2872 des.
1953 2835 2018 2882 B3
2065 2833 2180 2872 Rod.
2230 2855 2282 2865 —
2332 2835 2472 2874 rediit
2511 2846 2592 2876 om.
2625 2835 2668 2874 A
2701 2836 2768 2879 ⁸4.

526 2888 573 2940 b)
602 2891 711 2930 deest
741 2890 783 2930 A
818 2892 857 2930 2.
894 2889 934 2931 G
967 2892 1005 2929 1.
1039 2891 1079 2930 2.
1220 2890 1261 2942 c)
1292 2891 1467 2930 honore
1501 2890 1550 2931 C.
1583 2891 1621 2929 F
1659 2893 1695 2930 1.
1731 2890 1771 2931 G
1805 2892 1934 2932 1-3.
2073 2891 2120 2943 (1)
2152 2893 2215 2931 ita
2244 2891 2286 2932 A
2320 2895 2359 2932 1.
2394 2891 2455 2934 *3.
2489 2894 2531 2932 3.
2564 2896 2608 2934 4.
2647 2893 2686 2935 5.
2725 2897 2768 2938 6.

527 2949 561 2990 G
600 2952 637 2989 1.
674 2951 713 2991 2.
744 2950 787 2988 D
823 2952 842 2988 1
881 2949 1012 3001 (corr.
1062 2949 1263 3000 optime).
1298 2950 1335 2989 E
1372 2953 1411 2989 1.
1444 2950 1481 2988 F
1517 2953 1570 2998 13
1616 2951 1789 2998 optime
1835 2949 1876 2989 A
1911 2951 1964 2990 2?
2012 2950 2065 2990 G.
2098 2952 2122 2991 1
2155 2953 2194 2990 1.
2347 2952 2389 2996 e)
2423 2953 2534 2991 deest
2567 2951 2610 2992 G
2645 2956 2683 2994 1.
2721 2955 2768 2994 2.

524 3007 566 3060 f)
598 3009 792 3050 crimine
839 3007 880 3049 G
910 3010 951 3048 3.
985 3010 1029 3049 4.
1182 3007 1228 3060 g)
1261 3011 1455 3056 ingress.
1490 3007 1531 3047 A
1566 3012 1614 3058 13
1661 3009 1943 3057 ingressaret
1986 3011 2023 3049 F
2058 3012 2097 3049 1.
2262 3008 2310 3060 h)
2345 3012 2596 3052 monachia
2643 3011 2685 3054 G
2715 3010 2772 3054 ⁸2

528 3068 668 3120 (cnjus
685 3068 983 3118 sraqmentum
1014 3069 1129 3117 quod
1158 3073 1293 3107 meat
1322 3069 1389 3107 hic
1416 3066 1604 3120 incipit).
1638 3070 1678 3110 2.
1787 3066 1822 3120 i)
1854 3069 1964 3108 deest
1993 3069 2031 3108 F
2065 3071 2106 3110 1.
2209 3067 2259 3120 k)
2291 3081 2375 3120 pro
2405 3070 2442 3109 P
2477 3072 2518 3110 1.
2618 3071 2655 3123 l)
2687 3073 2777 3112 hoc

525 3133 654 3177 caput
678 3129 951 3177 praecedenti
979 3128 1221 3177 adjunctum
1251 3128 1344 3168 13¹4.
1380 3126 1433 3167 G.
1465 3127 1504 3165 L
1528 3129 1566 3166 1.
1659 3125 1722 3178 m)
1754 3128 2023 3167 flodoaldus
2052 3129 2090 3168 Β
2113 3129 2151 3169 1.
2241 3127 2290 3180 n)
2324 3139 2468 3169 uxore
2498 3130 2538 3168 F
2556 3129 2614 3169 1?
2649 3130 2692 3170 G
2725 3134 2770 3173 1.

527 3187 570 3234 ο)
604 3191 860 3236 strupasset
894 3187 936 3227 G
967 3189 1004 3227 1.
1037 3185 1098 3226 ’2.
1132 3188 1173 3228 2.
1207 3187 1259 3235 ὃς
1289 3190 1569 3235 struprasset
1600 3185 1640 3226 G
1671 3188 1711 3225 4.
1832 3184 1880 3237 p)
1913 3188 2024 3226 deest
2057 3186 2155 3227 Gl.
2190 3188 2231 3227 2.
2354 3185 2400 3238 q)
2435 3189 2624 3228 Mai-ecs.
2653 3191 2692 3230 B
2715 3192 2774 3240 13

522 3246 715 3286 Mai-ene
750 3246 791 3287 G
822 3246 892 3289 50.
1014 3243 1054 3297 r)
1087 3247 1197 3285 deest
1228 3246 1279 3287 C.
1312 3247 1371 3288 D.
1407 3244 1448 3285 G
1478 3246 1522 3284 4.
1644 3242 1683 3295 s)
1717 3246 1826 3285 deest
1856 3246 1908 3286 F.
1943 3245 2000 3296 G,
2025 3250 2127 3294 post
2156 3247 2298 3296 suppl.
2333 3247 2375 3287 G
2409 3248 2550 3296 1—83
2582 3258 2638 3288 ac
2661 3255 2772 3298 poet

524 3305 624 3346 add.
655 3305 693 3344 F
728 3308 767 3349 1.
886 3303 923 3356 t)
954 3305 1265 3346 Heracleones
1296 3305 1334 3344 B
1370 3307 1439 3343 la..
1475 3305 1532 3352 23
1562 3304 1852 3344 Heracleone
1885 3305 1923 3343 A
1954 3305 2006 3353 43
2048 3305 2309 3344 Heracleon
2339 3306 2377 3344 F
2409 3307 2468 3347 5.-
2488 3305 2528 3347 G
2560 3307 2640 3357 503
2673 3308 2770 3350 110-

523 3364 701 3403 racloni
734 3363 767 3405 O
801 3361 863 3405 ⁸1.
897 3367 936 3415 1,
984 3376 1096 3403 corr.
1128 3364 1415 3404 Hei-solonas
1446 3363 1489 3402 D
1526 3366 1565 3413 1,
1597 3369 1635 3402 οε
1664 3364 1727 3402 ita
1758 3362 1799 3402 A
1830 3361 1905 3412 ‘23
1950 3364 2264 3404 Heracleonas
2295 3363 2337 3403 D
2371 3366 2414 3404 3.
2447 3367 2488 3407 4.
2519 3367 2558 3406 L
2593 3368 2645 3416 13
2677 3367 2772 3408 He—

522 3423 669 3462 radon
702 3423 736 3463 C
752 3422 836 3473 4b3
866 3424 1148 3463 Eracleonas
1164 3425 1207 3462 D
1226 3422 1324 3473 '3¹⁸3
1356 3423 1614 3462 Eraclonas
1630 3422 1672 3462 D
1692 3424 1740 3472 23
1773 3423 2022 3462 Eraclones
2042 3421 2082 3462 G
2103 3424 2143 3462 2.
2161 3423 2231 3464 ba.
2266 3423 2288 3462 1
2309 3425 2646 3473 13Eracliones
2663 3426 2701 3466 E
2725 3427 2769 3469 1.

529 3533 585 3600 1)
628 3533 1033 3602 Gundeberyam
1082 3553 1190 3588 non
1229 3537 1526 3597 liodoaldo,
1585 3536 1680 3587 sed
1713 3533 1973 3588 Arioaldo
2028 3553 2246 3588 uxorem
2267 3537 2466 3602 fuisse,
2505 3539 2652 3590 testis
2691 3547 2770 3591 est

523 3606 693 3658 Jonas
731 3607 791 3658 i‘n
826 3608 939 3658 vita
976 3607 1032 3660 S.
1073 3609 1316 3677 Bertwffl,
1374 3610 1460 3660 cui
1518 3610 1747 3661 maaeime
1803 3610 2166 3676 deferendam,
2222 3617 2402 3676 utpote
2457 3610 2603 3663 illius
2645 3613 2772 3664 aevi

524 3678 787 3746 scriptori.
862 3681 1079 3732 Accedit
1116 3683 1273 3734 etiam
1309 3683 1672 3750 Fredegarius
1710 3684 1769 3733 in
1817 3699 1912 3734 suo
1963 3683 2225 3746 chronico,
2275 3683 2370 3750 qui
2405 3702 2514 3735 non
2555 3692 2768 3737 tantum

522 3751 781 3804 Arioaldo
818 3754 932 3821 reqi
968 3771 1184 3807 uxorem
1206 3755 1386 3821 fuisse
1424 3756 1618 3820 scribit,
1665 3756 1760 3807 sed
1797 3763 1842 3807 et
1879 3757 2023 3808 illius
2071 3757 2359 3808 successori
2394 3756 2642 3820 Bethar-i,
2683 3760 2774 3810 vel

523 3833 583 3877 ut
618 3826 731 3892 ipse
767 3835 920 3878 vocat
960 3826 1284 3892 OhrothariO,
1324 3847 1439 3880 cum
1465 3847 1567 3894 quo
1593 3847 1698 3880 ‘non
1741 3828 2028 3882 absimilem
2065 3829 2342 3881 saevitiam
2370 3848 2546 3897 passa
2569 3833 2770 3898 fiaes-at

522 3917 683 3966 quam
720 3917 837 3950 cmm
870 3901 1055 3966 priore
1110 3903 1300 3954 marito
1338 3920 1403 3955 ex
1439 3901 1660 3971 Adauffl
1716 3904 1998 3954 calumnia.
2079 3905 2174 3956 BI.
2255 3902 2399 3956 Certe
2424 3921 2533 3970 per
2557 3913 2767 3972 ,tempo-

521 3991 642 4024 rum
676 3974 934 4025 rationem
972 3974 1100 4026 haec
1137 3993 1298 4041 quam
1333 3976 1541 4027 Paulus
1580 3976 1662 4027 hic
1700 3983 1890 4027 nav-mc
1934 3976 2208 4028 historiola
2250 3977 2569 4042 temporibus
2607 3978 2768 4029 Ario·

524 4047 639 4098 aldi
672 4046 841 4114 ‘may-is
897 4048 1139 4100 convenit
1196 4066 1355 4114 quam
1393 4049 1682 4113 liodoaldi,
1739 4050 1889 4116 cujus
1945 4057 2172 4115 tempore
2213 4050 2567 4119 Gundvsperqa
2609 4052 2767 4118 quin-

522 4119 778 4187 quaqinta
817 4121 1045 4188 amplius
1085 4139 1252 4174 annos
1305 4123 1546 4179 habebat.
1621 4125 1734 4177 BE.
1886 4122 1945 4190 2)
1985 4122 2207 4176 Erravit
2243 4123 2468 4186 Paulus,
2521 4141 2581 4175 eo
2619 4125 2766 4192 quod

506 4193 715 4260 fontem
753 4211 907 4245 suum
964 4193 1260 4246 exscribens
1287 4213 1393 4262 pro
1440 4197 1712 4249 mensibus
1739 4196 1923 4264 posuit
1979 4199 2149 4248 annis.
2225 4196 2474 4249 Rodoald
2509 4215 2603 4250 sex
2641 4207 2762 4249 tan-

523 4268 784 4318 tummodo
821 4285 1024 4320 memes
1058 4269 1318 4336 reynavit.
1398 4267 1476 4336 Cf.
1515 4269 1678 4336 Lupi,
1721 4269 1845 4321 0001.
1885 4268 2019 4336 dipl.
2057 4271 2216 4337 Berq.
2257 4269 2306 4333 I,
2337 4288 2400 4337 p.
2441 4271 2569 4323 293.
2643 4272 2759 4322 BE.

529 4337 588 4405 3)
625 4339 777 4393 Haec
813 4351 861 4393 et
897 4342 1169 4409 sequentia
1206 4360 1269 4395 ex
1306 4343 1481 4405 Beda,
1521 4344 1613 4410 qui
1648 4344 2023 4411 imperatorum
2077 4345 2453 4396 successionem
2510 4343 2760 4398 turbavit.
