2984 4917
591 391 695 440 242
881 388 1101 440 PAULI
1139 387 1486 439 HISTORIA
1524 386 2193 439 LANGOBARDORUM.
2266 387 2409 439 LIB.
2445 388 2545 439 VL

591 556 894 642 optenuit,
949 554 1080 617 iam
1136 562 1340 619 aetate
1394 562 1681 617 maturus
1714 552 1927 616 'huius
1982 553 2155 618 vitae
2198 574 2456 617 cursum
2508 554 2830 639 explevit3

590 659 951 737 corpusque
994 638 1132 703 eius
1159 638 1229 700 in
1267 635 1536 700 basilica
1575 633 1749 699 beati
1778 634 2049 700 Adriani
2092 638 2409 723 martyris,
2452 638 2567 703 ubi
2597 647 2663 701 et
2692 639 2830 702 eius

587 734 840 808 gemtor
898 722 1262 807 requiescit,
1323 718 1641 806 sepultum
1704 728 1819 785 est.
1924 720 2079 785 Fuit
2140 730 2358 784 autem
2423 723 2525 785 vir
2588 721 2829 786 multae

589 829 660 870 sa
705 806 936 871 ientiae
952 853 968 883 ,
1028 802 1292 869 consilio
1351 825 1573 888 sagax,
1617 804 1801 889 pius⁸
1842 802 2191 868 admodum
2234 815 2299 869 et
2339 805 2517 890 pacis
2558 816 2829 886 amator,

587 828 780 953 bellib
830 898 1242 975 praepotens,
1301 885 1815 985 delinquentibus
1874 886 2173 970 clemens,
2226 898 2460 971 castus,
2520 888 2828 974 pudicUS,

589 984 802 1038 orator
888 972 1022 1037 erv’
1074 972 1088 987 '
1118 1019 1134 1052 ,
1177 970 1535 1035 elemosims
1569 971 1805 1055 largus,
1848 968 2197 1035 litterarum
2282 970 2501 1035 uidem
2542 974 2830 1056 ignarus,

561 1057 706 1121 ‘sed
746 1079 789 1141 p
882 1077 1037 1141 osop
1087 1057 1136 1119 ‘s
1179 1054 1585 1140 aequandus,
1642 1054 1915 1118 nutritor
1959 1055 2189 1139 gentis,
2240 994 2466 1140 (iegum
2523 1076 2829 1139 augmen-

590 1151 772 1205 tator.
856 1139 986 1203 Hic
1027 1139 1208 1203 initio
1250 1159 1319 1201 re
1409 1138 1433 1201 i
1477 1138 1578 1201 sui
1605 1136 2049 1202 Baioariorum
2091 1136 2367 1224 plurima
2397 1148 2609 1203 castra
2636 1142 2827 1225 cepit,

587 1222 732 1310 plus
761 1244 1011 1309 semper
1052 1222 1316 1285 orationi
1363 1243 1439 1285 us
1483 1242 1673 1306 quam
1738 1222 1932 1285 armis
1974 1219 2197 1298 fidenS,
2251 1223 2535 1286 maxima
2576 1245 2829 1309 semper

503 1392 510 1399 β
591 1328 745 1371 cura
799 1306 1198 1371 Francorum
1239 1304 1656 1389 Avarumque
1670 1316 1697 1347 ⁰
1748 1326 1979 1391 pacem
2021 1306 2386 1371 custodiens
2406 1319 2449 1369 ¹.

1111 1410 1435 1483 FINITd
1487 1408 1797 1483 LIBER
1848 1407 2247 1485 SEXTUS
2270 1426 2317 1486 ⁰.

587 1551 634 1603 a)
667 1554 776 1591 deest
804 1552 846 1591 A
864 1552 906 1591 3.
999 1549 1048 1601 b)
1079 1551 1249 1599 reliqua
1279 1551 1326 1590 in
1357 1549 1394 1588 B
1414 1550 1439 1589 8
1471 1550 1552 1599 leet·
1581 1554 1810 1600 nequeunt.
1902 1547 1945 1600 c)
1978 1550 2088 1589 deut
2123 1550 2164 1591 G
2184 1549 2255 1599 5⁸,
2276 1561 2329 1601 c,
2352 1534 2655 1600 ‘aliorumque
2686 1553 2727 1591 F
2747 1554 2817 1601 δας

589 1610 636 1662 d)
667 1612 728 1650 ita
751 1612 789 1650 Β
826 1612 865 1649 1.
895 1610 932 1649 F
969 1612 1019 1659 13
1051 1609 1256 1658 Explicit
1285 1608 1424 1647 ceteri.
1577 1606 1621 1659 e)
1655 1609 1711 1649 de
1740 1608 1934 1648 historia
1963 1608 2372 1657 Langobardorum
2404 1610 2504 1649 add.
2535 1610 2578 1649 A
2612 1612 2653 1661 2,
2686 1616 2736 1650 et
2765 1613 2824 1651 ul·

588 1672 726 1710 timus
756 1669 981 1709 historiae
1016 1668 1164 1716 gentis
1198 1666 1325 1719 (deest
1356 1667 1392 1705 F
1424 1664 1470 1717 5)
1504 1666 1914 1714 Langobardorum
1945 1666 1987 1706 D
2018 1667 2063 1709 4.
2094 1668 2133 1706 F
2166 1667 2207 1719 5,
2254 1669 2305 1707 in
2334 1668 2532 1708 historia
2560 1668 2824 1718 Longobar·

590 1729 752 1769 dorum
783 1727 907 1767 edita
938 1736 967 1765 a
997 1726 1144 1765 Paulo
1176 1725 1545 1774 historiographo
1576 1726 1635 1777 Η,
1668 1735 1803 1765 amen
1833 1727 1871 1765 E
1904 1727 1956 1775 ις
1986 1726 2234 1776 Hysteriae
2264 1726 2679 1775 Langobardorum
2714 1730 2827 1768 liber

589 1796 657 1830 vl.
704 1785 894 1835 explicit
937 1784 980 1823 D
1016 1784 1067 1833 ὃς
1112 1784 1316 1833 Explicit
1346 1784 1465 1825 liber
1497 1788 1652 1824 sextus
1680 1784 1817 1823 Pauli
1848 1784 1904 1823 de
1935 1785 2077 1832 gestis
2107 1784 2519 1834 Longobardorum
2562 1787 2607 1826 D
2642 1786 2692 1835 53
2741 1788 2824 1827 Ex-

599 1842 798 1891 pliciunt
828 1845 963 1892 genta
985 1842 1396 1890 Langobardorum
1426 1841 1467 1882 Δ
1497 1844 1543 1882 4.
1579 1864 1631 1873 -
1666 1843 1720 1882 In
1751 1841 1794 1882 A
1825 1843 1850 1882 6
1880 1843 2058 1892 kqimr:
2102 1842 2173 1884 Ab
2206 1844 2409 1884 adventu
2438 1844 2650 1893 Longob.
2682 1856 2823 1895 usque

596 1902 656 1943 ad
699 1914 870 1943 aunum
902 1902 1058 1941 domni
1090 1900 1344 1941 Grimoaldi
1376 1905 1484 1941 sunt
1525 1902 1637 1942 anni
1682 1907 1846 1943 ccxu.
1903 1920 1945 1931 -
2000 1902 2128 1943 Codd.
2173 1901 2208 1941 C
2242 1903 2371 1943 1—3.
2418 1903 2462 1943 D
2496 1904 2537 1945 1.
2568 1904 2592 1943 Ι
2628 1907 2651 1944 1
2683 1906 2822 1954 capita

593 1962 665 2001 52.
697 1967 734 2000 et
766 1961 838 2002 58.
870 1971 1007 2011 supra
1039 1960 1196 1999 omissa
1228 1960 1407 1999 addunt.

596 2055 648 2120 1)
691 2054 900 2107 Nostris
951 2054 1136 2105 diebus
1174 2054 1505 2119 Liutprandi
1540 2053 1679 2120 reyir
1718 2054 1950 2104 tumulus
1986 2071 2093 2104 non
2130 2054 2189 2105 in
2237 2054 2461 2107 basilica
2500 2057 2554 2109 d.
2594 2054 2823 2109 Adriani

589 2129 853 2195 martyris,
891 2134 950 2179 ut
987 2125 1194 2177 Paulus
1232 2126 1318 2178 hic
1367 2125 1562 2187 scribit,
1616 2126 1710 2177 sed
1745 2126 1802 2177 in
1855 2128 2027 2178 altera
2074 2144 2119 2178 ε.
2158 2127 2305 2179 Petri
2341 2130 2401 2179 in
2442 2128 2594 2181 C'oelo
2646 2147 2819 2183 aureo.

591 2201 880 2267 Scriptores
930 2198 1226 2251 Ίῖσὶπεπεεε
1266 2200 1390 2251 inde
1421 2199 1757 2250 'translatum
1799 2205 2013 2265 putant,
2060 2198 2217 2252 immo
2256 2200 2447 2253 iterum
2486 2202 2597 2253 loco
2634 2213 2819 2255 motum

588 2274 820 2325 scribunt
855 2273 914 2323 in
950 2273 1133 2324 eadem
1171 2270 1392 2323 basilica
1429 2272 1601 2323 sancti
1636 2270 1807 2323 Petri=
1852 2272 2047 2337 quippe
2085 2274 2208 2324 olim
2248 2275 2322 2327 ad
2372 2274 2669 2341 inm-esaum
2708 2294 2816 2327 con·

575 2346 832 2411 fessionis
861 2345 1112 2397 columnis
1150 2354 1382 2411 quatuor
1405 2342 1680 2410 impositus
1720 2344 2153 2411 conspiciebatur,
2194 2363 2339 2398 ‘nunc
2364 2364 2491 2399 vero
2518 2364 2586 2400 ex
2624 2349 2813 2399 decreto

589 2436 696 2471 sac.
735 2436 876 2471 conc.
913 2418 1147 2470 Trident.
1189 2418 1335 2469 humi
1371 2426 1571 2469 stratus
1600 2426 1721 2469 amte
1751 2419 2057 2483 proximam
2096 2436 2249 2477 aram
2274 2437 2317 2472 ε.
2360 2419 2619 2473 Severino
2643 2422 2814 2473 Boetia

588 2493 837 2543 dicatam.
912 2491 1066 2543 Haec
1102 2489 1176 2541 ibe·
1213 2492 1406 2559 leyitur
1443 2490 1781 2558 epiqraphes:

804 2564 1028 2615 Flavius
1067 2567 1170 2615 hoc
1207 2564 1410 2615 tumulo
1449 2564 1812 2630 Liutprandus
1852 2564 2111 2627 conditur,
2150 2564 2276 2616 olim

805 2637 1280 2701 Langobardorum
1321 2654 1414 2688 rex
1451 2638 1701 2702 inclytus,
1740 2652 1865 2687 acer
1900 2639 1956 2687 in
2000 2639 2161 2689 armis

804 2711 877 2759 Et
914 2709 1058 2760 bello
1095 2711 1291 2773 victor3
1331 2709 1564 2761 Sutrium
1605 2718 1766 2775 atque
1804 2711 2049 2761 Bononia
2085 2709 2297 2763 firmant

806 2782 926 2832 Hoc
969 2788 1022 2831 et
1058 2782 1369 2849 Ariminum,
1410 2799 1621 2833 necnon
1658 2784 1861 2833 invicta
1903 2782 2109 2849 Spoleti

805 2854 1048 2915 Moenia3
1089 2870 1317 2921 namque
1357 2857 1463 2907 sibi
1500 2856 1638 2906 haec
1676 2856 1905 2907 subiecit
1941 2856 2124 2906 fortior
2162 2858 2341 2907 armiS.

805 2928 975 2979 Roma
1013 2943 1136 2979 suas
1173 2929 1313 2979 vires
1351 2930 1458 2979 iam
1498 2928 1703 2995 pridem
1742 2930 1844 2979 hoc
1882 2928 2051 2979 milite
2090 2929 2255 2980 multo

804 3000 1040 3053 Obsessa
1079 3002 1318 3066 expavit3
1363 3001 1600 3052 deinde*¹1
1638 3006 1901 3052 tremuere
1938 3001 2149 3052 feroces

803 3075 985 3141 Usque
1027 3074 1299 3136 Saraceni,
1341 3090 1472 3139 quos
1513 3074 1733 3140 dispulit
1769 3074 2014 3140 impiger,
2052 3076 2186 3140 ipso,

804 3147 937 3199 Cum
975 3152 1277 3213 premerent
1315 3147 1517 3209 Gallos,
1554 3146 1753 3198 Karolo
1791 3152 2046 3213 poscente
2084 3148 2282 3206 iuvari3

801 3220 1066 3285 Ungarus,
1107 3236 1140 3270 a
1177 3219 1292 3270 solo
1332 3220 1434 3270 hoc
1473 3219 1684 3271 adiutus
1723 3220 1963 3271 Francus
2004 3225 2057 3270 et
2095 3236 2277 3273 omnes

799 3292 980 3343 Vicini
1017 3299 1174 3357 grata
1213 3293 1484 3357 degebant
1521 3308 1657 3359 pace
1694 3308 1791 3358 per
1826 3308 2027 3345 omnes.

799 3368 950 3430 Rege
989 3367 1086 3415 sub
1125 3366 1230 3416 hoc
1265 3364 1430 3429 fulsit,
1470 3365 1613 3430 quod
1646 3366 1834 3416 mirum
1876 3372 1973 3428 est,
2012 3370 2200 3416 sancta
2236 3365 2604 3434 frequensque

799 3438 1052 3503 Rolligio,
1089 3444 1150 3488 ut
1184 3436 1428 3489 recolunt
1463 3438 1646 3504 Alpes,
1686 3437 1920 3489 ecclesia
1957 3452 2179 3503 quarum

801 3512 956 3561 Hauc
992 3512 1180 3562 habuit
1209 3512 1457 3562 vincente
1495 3513 1632 3577 ipso,
1672 3516 1725 3561 et
1760 3510 2122 3577 praegrandia
2156 3510 2374 3577 templa,

801 3584 950 3645 Quae
989 3586 1176 3635 vivens
1215 3586 1420 3647 struxit,
1460 3585 1650 3649 quibus
1691 3590 1744 3634 et
1779 3584 2015 3635 famosus
2053 3585 2107 3632 in
2148 3583 2275 3634 orbe

803 3656 1024 3721 Semper
1062 3663 1117 3707 et
1155 3663 1401 3707 aeternus
1437 3656 1687 3707 lustrabit
1724 3658 1942 3707 saecula
1981 3662 2188 3718 cuncta,

800 3728 1096 3795 Praecipue
1133 3730 1292 3781 Petro
1331 3730 1553 3781 coelesti
1589 3730 1691 3779 hac
1730 3729 1859 3779 sede
1899 3722 2117 3779 dieatab

804 3798 1103 3864 clavigero,
1143 3804 1329 3853 statuit
1364 3802 1532 3854 Coelo
1572 3816 1730 3867 quam
1766 3801 2021 3869 providus
2056 3800 2262 3864 Aure03

798 3870 1126 3937 Augustinus
1166 3875 1259 3924 ubi
1295 3875 1399 3925 huc
1439 3874 1655 3925 aliunde
1696 3874 1957 3925 abductus
1998 3873 2187 3925 eodem

796 3946 948 4011 Rege
984 3947 1144 4008 iacet,
1186 3948 1334 3997 cuius
1373 3946 1617 3999 doctrina
1654 3947 1889 3998 ecclesia
1922 3946 2108 4012 fulget.
2186 3946 2281 3997 BI.

577 4014 796 4067 Editum
835 4026 910 4070 eet
945 4016 1040 4069 hoc
1077 4016 1420 4084 epitaphium,
1457 4021 1617 4071 multo
1646 4026 1773 4085 post
1808 4026 2023 4071 mortem
2059 4020 2168 4086 ejus
2190 4020 2428 4085 factum,
2464 4021 2622 4073 etiam
2656 4039 2689 4071 a
2724 4018 2790 4069 Si-

577 4087 749 4154 90m'0‚
787 4090 872 4144 De
909 4108 1067 4160 regno
1109 4091 1302 4143 Italiae
1360 4092 1446 4143 lib.
1485 4092 1596 4142 III
1626 4094 1733 4154 (ed.
1776 4092 1960 4157 1691),
1987 4109 2051 4157 p.
2097 4092 2181 4154 71,
2222 4092 2375 4158 cujus
2414 4111 2513 4159 qne
2551 4094 2788 4161 quaedam

580 4162 869 4228 emendavi,
909 4173 957 4216 et
1003 4164 1195 4231 Troya,
1237 4162 1361 4215 Ood.
1395 4165 1527 4231 dipl.
1570 4165 1671 4217 Nr.
1714 4166 1840 4229 564,
1880 4165 1922 4215 I
1927 4164 1986 4229 V,
2015 4182 2077 4231 p.
2122 4166 2246 4217 135.

577 4269 623 4319 a)
655 4272 872 4321 deinceps
901 4272 947 4315 8.
1065 4272 1116 4325 b)
1145 4274 1298 4313 locata
1327 4273 1374 4315 S.
