2984 4917
604 379 709 428 130
875 377 1098 428 PAULI
1138 375 1487 429 HISTORIA.
1527 377 2197 431 LANGOBARDORUM.
2275 379 2421 432 LIB.
2460 380 2566 435 111.

597 544 681 608 ad
742 543 993 610 Grados
1012 554 1037 586 ⁸
1090 544 1329 608 reversi
1386 553 1553 608 sunt.
1624 544 1890 641 ‘Quibus
1933 567 2052 611 nec
2103 545 2285 631 plebs
2365 547 2837 612 communicare

368 611 441 666 ⁰¹²·
477 616 579 660 ¹⁰⁷·
594 625 823 710 voluit,
888 650 1007 693 nec
1078 627 1271 692 ceteri
1315 628 1643 714 *cpiscopl
1723 629 1870 693 eosb
1943 639 2341 716 receperunt.
2447 631 2838 696 Smarassduss

280 675 366 716 589
381 680 456 721 vel
472 677 575 721 590.

599 808 646 861 a)
680 809 833 850 Crado
864 810 901 848 F
937 810 987 858 13
1022 807 1203 850 Gradus
1237 807 1277 848 G
1296 809 1425 850 1-4,
1459 809 1481 848 1
1502 810 1541 848 1.
1561 809 1603 860 3,
1635 810 1737 860 alii3
1768 809 1820 850 in
1851 809 2032 852 Gradus
2065 813 2106 852 D
2125 812 2178 862 ὃς
2207 813 2259 852 in
2291 813 2462 862 gradus
2492 814 2710 864 proprios
2742 813 2840 852 De.

597 870 646 921 b)
680 879 759 910 eos
792 868 1028 917 accipiens
1059 867 1207 906 mediis
1238 868 1405 906 omissis
1438 866 1479 908 G
1513 867 1578 908 5c.

596 1004 935 1056 nequaquam
974 985 1265 1038 damnabat
1290 983 1399 1036 tria
1436 987 1697 1052 capitula,
1735 988 1790 1039 id
1821 995 1918 1054 est,
1957 992 2218 1057 referente
2256 991 2458 1043 Victore
2491 990 2843 1042 Tunnunensi

599 1083 651 1115 a.
674 1064 797 1125 542,
839 1060 1118 1127 epistolam
1144 1059 1278 1110 Ibae
1305 1059 1570 1114 Edesseni
1607 1063 1847 1129 episcopi
1883 1063 1954 1114 ad
1979 1064 2170 1114 Marim
2195 1064 2430 1127 Persam,
2472 1080 2611 1130 quae
2639 1065 2839 1115 iudicio

598 1136 791 1204 synodi
832 1133 1292 1185 calchedonensis
1334 1132 1541 1198 (quarti
1577 1131 1786 1186 concilii
1821 1134 2141 1188 universalis
2182 1154 2234 1188 a.
2277 1138 2409 1200 451)
2451 1138 2757 1204 approbata
2794 1143 2842 1186 et

599 1209 898 1262 orthodoxa
922 1207 1161 1258 iudicata
1188 1212 1293 1269 est3
1330 1207 1668 1258 Theodorum
1699 1208 1824 1260 dein
1851 1210 2285 1276 Mopsuestenum
2314 1213 2650 1277 episcopum,
2691 1227 2840 1276 syno-

600 1283 793 1334 daliter
830 1280 1075 1332 similiter
1100 1278 1243 1346 apud
1272 1279 1610 1331 Antiochiam
1633 1287 1685 1332 et
1713 1280 2058 1334 calchedone
2079 1282 2383 1348 laudatum3
2423 1290 2479 1334 et
2515 1283 2840 1334 Theodorsti

600 1356 729 1423 Cyri
769 1355 1009 1421 episcopi
1048 1353 1209 1416 dicta,
1266 1354 1459 1418 synodi
1501 1352 1956 1408 Calchedonensis
2005 1357 2228 1408 vocibus
2287 1357 2615 1408 collaudata.
2696 1356 2841 1407 Haec

598 1429 836 1495 capitula
893 1433 964 1478 tot
1022 1433 1391 1492 tantarumque
1446 1424 1841 1478 discordiarum
1897 1446 2066 1480 causa
2119 1426 2444 1492 exstiterunt,
2501 1437 2561 1480 ut
2621 1431 2701 1481 ad
2757 1447 2838 1481 eas

598 1501 927 1555 dirimendas
968 1516 1018 1549 a.
1059 1499 1184 1549 532.
1221 1499 1461 1564 quintum
1499 1501 1802 1552 universale
1858 1501 2133 1554 concilium
2176 1501 2689 1568 Constantinopolim
2728 1520 2839 1554 con-

597 1583 893 1637 vocaretur,
931 1573 989 1622 in
1046 1589 1149 1638 quo
1198 1571 1501 1624 Theodorae
1556 1572 1783 1625 manime
1841 1584 2098 1642 augustae
2139 1575 2384 1642 factione
2440 1577 2546 1626 tria
2603 1576 2840 1643 capitula

598 1651 859 1702 damnata
896 1653 1035 1708 sunt,
1078 1642 1301 1697 Silverio
1354 1663 1512 1711 papa
1549 1662 1728 1697 eorum
1785 1647 2058 1713 defensore
2095 1646 2384 1714 interfecto,
2434 1648 2557 1700 aliis
2586 1648 2841 1714 plurimis

598 1719 855 1788 episcopis
892 1718 956 1770 ob
995 1719 1179 1770 eadem
1214 1718 1272 1768 in
1309 1735 1568 1770 carcerem
1605 1719 1861 1788 conjectis,
1904 1721 2025 1773 aliis
2061 1720 2122 1772 in
2153 1721 2368 1773 exilium
2407 1721 2599 1785 missis,
2660 1720 2840 1789 Viqicio

599 1801 790 1858 autem,
829 1790 1046 1844 Silverii
1082 1807 1392 1853 successore,
1433 1791 1494 1842 ob
1523 1791 1582 1843 id
1619 1799 1822 1844 tantum
1859 1793 2193 1847 damnationi
2231 1812 2502 1847 assensum
2529 1796 2838 1862 praebente,

597 1876 655 1920 ut
682 1872 951 1934 papatum
988 1863 1255 1916 obtineret.
1316 1863 1479 1930 Papa
1528 1871 1701 1917 autem
1724 1867 1929 1930 factus,
1972 1877 2020 1919 et
2060 1866 2174 1934 ipse
2211 1869 2608 1920 damnationem
2650 1869 2838 1934 impro-

599 1940 758 2004 bavit,
816 1938 1038 2004 ideoque
1088 1955 1123 1988 a
1177 1936 1482 1989 Justiniano
1540 1939 1599 1988 in
1655 1939 1872 1992 exilium
1928 1949 2126 2007 trusus,
2177 1959 2242 1993 ea
2298 1948 2504 1992 tantum
2542 1941 2840 1994 conditione

597 2015 868 2067 restitutus
906 2019 996 2074 est,
1038 2019 1097 2061 ut
1134 2009 1377 2076 quintum
1413 2010 1689 2062 concilium
1724 2012 2004 2079 reciperet,·
2043 2014 2102 2067 id
2139 2015 2283 2081 quod
2320 2013 2477 2067 etiam
2515 2032 2836 2068 successores

580 2091 832 2156 fecerunt
868 2086 932 2137 ob
959 2101 1152 2151 pacem
1190 2084 1431 2137 ecclesiae
1470 2085 1809 2151 servandam,
1849 2088 1931 2138 nil
1963 2093 2135 2139 tamen
2171 2086 2582 2140 Chalcedonensi
2619 2089 2839 2140 concilio

592 2163 711 2215 ideo
751 2157 1001 2227 deroqari
1038 2155 1234 2225 confisi.
1313 2153 1420 2210 Sed
1450 2157 1582 2210 licet
1619 2164 1806 2225 postea
1843 2162 2109 2227 imperiali
2147 2162 2383 2228 pondere
2410 2162 2480 2212 ad
2519 2178 2836 2214 consensum

597 2235 954 2287 damnationis
1018 2230 1369 2298 capitulorum
1432 2232 1666 2298 ipsorum
1729 2233 1986 2300 paulatim
2052 2234 2251 2300 singuli
2312 2237 2508 2286 fuerint
2573 2237 2837 2287 coarctati

596 2309 782 2372 (verba
820 2313 942 2357 sunt
999 2304 1160 2357 libelli
1208 2302 1460 2370 supplicis
1503 2322 1538 2355 a
1593 2305 1944 2373 suffraganeis
1999 2304 2456 2375 Aquileqiensibus
2495 2309 2570 2358 ad
2607 2309 2838 2375 impera·

594 2390 755 2434 torem
793 2377 1115 2430 Mauritium
1154 2395 1205 2428 a.
1249 2379 1373 2428 590.
1398 2375 1631 2442 directi),
1684 2386 1979 2431 nostrarum
2022 2388 2201 2432 tamen
2240 2383 2638 2448 provinciarum
2681 2398 2836 2434 vene·

593 2455 748 2507 randi
788 2453 1098 2503 decessores
1138 2450 1208 2500 ad
1246 2455 1351 2503 hoc
1388 2452 1639 2502 inclinari
1687 2453 1834 2504 nullo
1881 2454 2038 2506 modo
2090 2461 2392 2521 potuerunt.
2466 2456 2711 2518 Quorum
2749 2472 2838 2506 nos

596 2521 841 2594 exempla
898 2531 1193 2588 servantes,
1254 2542 1373 2576 cum
1432 2526 1680 2578 universo
1740 2527 1937 2594 populo
1995 2529 2150 2580 nobis
2206 2529 2411 2579 credito
2451 2537 2749 2594 sequentes
2787 2531 2835 2578 iu

594 2602 839 2654 omnibus
884 2598 1248 2650 defensionem
1292 2598 1749 2651 Chalcedonensis
1803 2600 2036 2665 concilii,
2091 2618 2123 2651 a
2163 2603 2534 2652 communione
2577 2601 2834 2653 damnan-

590 2678 723 2726 tium
761 2673 1030 2723 abstinere
1069 2671 1432 2736 dignoscimur
1457 2671 1542 2735 (id
1578 2673 1720 2738 quod
1744 2672 1997 2742 Pelagius
2038 2673 2115 2726 ΙΙ.
2145 2692 2252 2740 per
2273 2680 2378 2726 tres
2417 2673 2676 2740 epistolas
2713 2674 2836 2740 ipsis

592 2745 905 2798 dissuadere
941 2744 1162 2806 studuit,
1202 2762 1253 2795 a.
1295 2744 1422 2795 585.
1462 2745 1546 2796 vel
1583 2745 1706 2808 586,
1747 2746 1816 2811 cf.
1856 2764 2026 2812 supra
2063 2747 2178 2810 HJ,
2221 2749 2292 2799 20
2305 2766 2323 2808 ‚⁰
2371 2749 2465 2799 sed
2500 2748 2832 2814 nileffecit).

592 2822 665 2872 Et
691 2835 811 2870 cum
840 2818 1167 2884 Smaragdus
1206 2819 1469 2883 gloriosus
1503 2819 1817 2871 cartularius
1845 2821 2060 2871 Heliam
2087 2822 2552 2888 archiepiscopum
2592 2822 2834 2888 pluribus

592 2893 800 2946 vicibus
856 2893 1208 2955 contristaret,
1257 2907 1377 2942 cum
1428 2897 1608 2942 nostro
1660 2895 1892 2943 omnium
1947 2910 2206 2946 consensu
2260 2894 2455 2946 direxit
2490 2895 2562 2945 ad
2603 2897 2836 2962 vestigia

591 2966 920 3036 principatus
975 2966 1140 3015 vestri
1196 2981 1401 3031 preces,
1457 2971 1519 3016 ut
1545 3002 1557 3014 .
1587 3001 1601 3016 .
1631 3002 1643 3015 .
1684 2965 1754 3016 ad
1812 2967 1979 3018 vestri
2035 2969 2394 3034 praesentiam
2449 2968 2732 3020 veniretur
2787 2975 2834 3019 et

590 3047 824 3092 vestrum
890 3045 1263 3105 expectaretur
1317 3039 1595 3089 iudicium.
1691 3040 1846 3101 Quod
1903 3041 2076 3107 pietas
2131 3048 2309 3093 vestra
2334 3079 2348 3092 .
2377 3077 2390 3092 .
2421 3079 2434 3093 .
2463 3077 2476 3092 .
2515 3044 2833 3109 suscipiens,

590 3116 881 3166 iussionem
942 3112 1094 3164 dedit
1148 3111 1218 3161 ad
1273 3111 1565 3177 gloriosum
1623 3113 1994 3178 Smaragdum,
2052 3121 2110 3165 ut
2165 3114 2470 3166 nullatenus
2507 3131 2831 3182 quemqnam

588 3189 888 3254 inquietare
927 3192 1291 3254 praesumeret
1312 3222 1325 3236 .
1350 3221 1362 3234 .
1385 3221 1399 3236 .
1422 3220 1434 3234 .
1463 3185 1677 3236 Deinde
1719 3185 1998 3238 defunctus
2037 3192 2119 3239 est
2144 3187 2334 3239 Helias
2373 3187 2451 3250 (a.
2493 3187 2649 3253 587).
2711 3189 2833 3240 Post

589 3262 693 3312 hoc
732 3260 976 3312 ordinato
1016 3259 1421 3326 archiepiscopo
1447 3263 1629 3309 nostro
1667 3258 1886 3324 Severo,
1926 3276 2064 3326 quae
2102 3261 2461 3312 contumeliae
2497 3261 2692 3315 illatae
2713 3264 2830 3324 sint,

592 3341 647 3386 et
684 3334 879 3400 quibus
919 3334 1124 3384 iniuriis
1164 3348 1229 3383 ac
1270 3331 1437 3382 caede
1485 3331 1750 3398 corporali
1805 3333 2022 3385 fustium
2065 3340 2118 3385 et
2155 3351 2263 3400 qua
2319 3333 2580 3386 violentia
2619 3335 2691 3386 ad
2730 3337 2830 3386 Ra·

590 3413 877 3458 venustem
916 3408 1191 3458 civitatem
1217 3407 1379 3456 fuerit
1414 3405 1704 3471 perductus
1732 3411 1892 3472 atque
1930 3407 2180 3459 redactus
2206 3409 2262 3458 in
2303 3407 2624 3471 custodiam,
2665 3409 2832 3475 potuit

591 3480 662 3529 ad
702 3479 903 3530 domini
940 3480 1107 3531 nostri
1144 3481 1261 3545 pias
1300 3495 1455 3529 aures
1495 3480 1610 3529 sine
1653 3480 1814 3530 dubio
1864 3482 2166 3546 pervenire.
2243 3480 2333 3531 Ibi
2367 3481 2564 3532 mansit
2605 3479 2828 3534 Severus

579 3569 685 3618 per
724 3567 925 3603 annum
964 3568 1147 3614 unum,
1181 3551 1345 3603 donec
1389 3551 1792 3604 damnatoribus
1843 3552 2004 3604 trium
2041 3553 2391 3619 capitulorum
2440 3552 2828 3606 communicans

590 3626 865 3677 relaxatus
907 3633 982 3677 est
1018 3643 1070 3676 a.
1111 3624 1235 3676 588.
1273 3625 1359 3676 vel
1394 3625 1519 3676 589.
1594 3623 1704 3677 Sed
1741 3642 1860 3676 cum
1895 3624 1974 3676 ita
2009 3625 2124 3693 ipse
2151 3626 2476 3693 patriarcha
2514 3636 2563 3678 et
2602 3627 2828 3680 Severus

598 3695 951 3766 Terqestinus,
1006 3697 1278 3750 Johannes
1333 3697 1660 3750 Parentinus
1676 3737 1690 3762 ,
1750 3697 2018 3751 Patricius
2073 3699 2452 3763 Aemoniensis,
2525 3699 2826 3753 Vindemius

591 3769 843 3824 Oissensis
879 3780 929 3825 et
982 3771 1252 3823 Johannes
1311 3769 1604 3835 Celeianus,
1658 3772 1752 3837 qui
1805 3779 1930 3825 teste
1990 3771 2160 3826 Paulo
2217 3791 2332 3825 una
2369 3791 2488 3825 cum
2527 3776 2828 3842 patriarcha

590 3847 1046 3897 communicarant
1098 3844 1256 3895 trium
1311 3845 1665 3910 capitulorum
1720 3845 2136 3909 damnatoribus,
2196 3849 2394 3900 scisma
2415 3847 2678 3912 fecissent
2725 3845 2828 3898 sive

588 3916 890 3972 scissionem
926 3918 1066 3969 inter
1102 3918 1371 3984 episcopos
1420 3919 1690 3983 hucusque
1724 3917 1783 3970 in
1833 3919 2179 3986 defensandis
2231 3919 2480 3986 capitulis
2532 3920 2824 3979 concordes,

589 3992 765 4044 eodem
808 3991 975 4043 Paulo
1012 3991 1296 4056 referente.-
1354 4008 1457 4044 nec
1513 3992 1666 4059 plebs
1702 3990 1770 4042 iis
1831 3995 2226 4044 communicare
2282 3994 2466 4057 voluit,
2525 4009 2628 4046 nec
2667 3991 2826 4045 ceteri

588 4063 863 4118 duodecim
904 4066 1159 4132 episcopi,
1198 4065 1291 4130 qui
1327 4082 1386 4117 se
1426 4067 1493 4116 ab
1523 4066 1626 4117 hoc
1661 4067 1913 4118 scismate
1953 4067 2319 4130 cohibuerunt,
2360 4083 2452 4118 eos
2489 4071 2822 4135 receperunt,

588 4140 881 4205 usquedum
916 4139 974 4190 in
1010 4137 1212 4204 synodo
1252 4139 1401 4203 apud
1437 4137 1732 4189 Muranum
1769 4155 1944 4205 prope
1996 4138 2236 4192 Venetiae
2272 4141 2462 4206 facta*
2485 4157 2536 4192 a.
2577 4139 2706 4192 588.
2744 4155 2820 4192 ex.

586 4213 671 4264 vel
708 4213 831 4266 589.
869 4213 954 4265 vel
987 4212 1202 4264 ineunte
1240 4211 1363 4264 590.
1397 4210 1724 4278 patriarcha
1762 4230 1878 4265 cum
1931 4213 2164 4278 quinque
2199 4214 2312 4265 suis
2370 4212 2700 4278 sequacibus,
2743 4229 2818 4264 er-

584 4301 757 4338 rorem
814 4303 986 4347 suum,
1042 4285 1184 4351 quod
1239 4287 1400 4338 trium
1456 4286 1809 4354 capitulorum
1865 4286 2265 4339 damnatoribus
2325 4288 2818 4346 communicassent,

588 4360 897 4426 confitentes,
933 4357 992 4411 in
1046 4358 1454 4411 communionem
1492 4377 1527 4410 a
1581 4357 1800 4426 reliquis
1855 4368 1980 4411 sunt
2035 4360 2246 4426 recepti.
2335 4360 2538 4412 Eodem
2577 4367 2818 4426 tempore,
