2984 4917
729 434 950 485 PAULI
988 433 1336 486 HISTORIA
1373 435 2048 490 LANGOBARDORUM.
2477 440 2508 489 7

263 599 413 686 plus
455 599 733 666 lectione
777 623 970 688 quam
1013 601 1180 684 cibo,
1223 624 1397 666 nunc
1425 601 1823 688 singulorum
1862 603 2263 670 considerare
2304 605 2374 669 in
2416 605 2507 669 di-

264 685 469 750 versis
528 684 757 750 officiis
819 685 1026 750 studia
1042 734 1059 768 ,
1116 707 1290 750 nunc
1347 688 1643 772 gravium
1698 689 1828 751 iam
1886 689 2062 752 senio
2107 709 2223 753 seu
2264 687 2507 774 langui·

267 766 517 852 dorum,
512 769 886 916 m‹Ejilomodo
931 771 1074 856 quis
1120 792 1203 834 ue
1244 768 1472 854 valeat,
1515 771 1880 858 perdiscere
1923 792 2167 854 causas,
2210 794 2382 837 nunc
2422 772 2508 837 ad

265 852 470 917 instar
652 853 666 868 ⁰
720 852 1003 939 paradisi
1137 863 1282 918 ecta
1323 864 1690 920 sanctorum
1732 865 1974 920 tererea
2015 855 2254 921 limina.

438 935 666 1019 Crede,
711 945 897 1022 pater
939 946 1004 1002 et
1046 937 1321 1019 domine,
1367 939 1559 1004 crede
1602 961 1783 1004 sacra
1812 949 1877 1004 et
1902 939 2287 1005 venerabilis
2376 938 2505 1004 hal-

261 1017 451 1102 lanx,
498 1019 632 1084 solo
674 1043 778 1086 me
797 1021 825 1063 ¹³
855 1021 1089 1086 affectu
1111 1022 1612 1105 misericordiae,
1658 1022 1807 1087 solis
1896 1024 2105 1089 ietatis
2146 1024 2323 1110 preci
2371 1035 2504 1104 us0,

261 1102 417 1168 solis
469 1105 722 1170 animae
777 1104 885 1169 hic
939 1103 1330 1190 profectibus
1383 1104 1469 1170 ad
1523 1115 1777 1192 tempus
1836 1045 2148 1190 ‹lbteneri3
2216 1117 2279 1172 et
2332 1108 2506 1194 quod

261 1187 365 1252 his
409 1199 506 1253 est
547 1187 854 1274 amplius,
901 1187 1272 1276 tranquillid
1314 1191 1517 1255 nostri
1557 1191 1731 1276 regis
1774 1200 1837 1256 et
1890 1190 2131 1255 domini
2172 1200 2504 1276 potestate.

263 1269 588 1370 Ceterum·
618 1293 813 1370 quam
855 1273 1136 1358 primum
1178 1273 1440 1338 valuero
1486 1284 1551 1339 et
1601 1273 1759 1338 mihi
1814 1273 1974 1340 caeli
2015 1276 2335 1340 Dominus
2390 1298 2508 1373 per

259 1355 448 1441 pium
491 1377 852 1503 plnnclpem
893 1366 1148 1421 noctem
1191 1359 1497 1422 maeroris
1546 1360 1835 1445 meisque
1880 1359 2153 1445 captivis
2196 1359 2349 1458 iuga
2392 1382 2505 1458 ml·
2591 1431 2598 1436 ³

263 1441 470 1504 seriae
546 1441 846 1522 emlserit,
878 1441 931 1503 si
960 1451 1175 1504 tamen
1205 1441 1809 1529 quomodocumque
1832 1441 2308 1508 clementissimi
2335 1465 2505 1528 prm-

263 1522 430 1607 cipis
451 1522 803 1587 iocundum
828 1525 1092 1610 quivero
1117 1527 1383 1590 emereri
1405 1528 1810 1611 permissum,
1839 1548 1994 1591 mox
2016 1526 2100 1590 ad
2119 1534 2335 1590 vestra
2357 1547 2504 1590 con-

263 1607 484 1690 sortia,
501 1605 678 1671 nulla
692 1606 817 1671 alia
829 1607 963 1672 vita
978 1608 1209 1673 comite
1228 1609 1523 1674 detentus
1544 1611 1899 1693 occasione,
1911 1609 2254 1696 repedab0.
2276 1607 2503 1673 Nullae

261 1712 390 1771 me,
423 1691 681 1772 credite,
706 1690 986 1772 divitiae,
1009 1690 1184 1756 nulla
1205 1692 1450 1778 predia,
1470 1692 1647 1758 nulla
1667 1692 1959 1759 flaventis
1974 1706 2001 1740 θ
2030 1691 2268 1758 metalli
2296 1693 2501 1778 copia,

255 1773 476 1840 nullus
501 1773 937 1861 quorumlibet
955 1775 1218 1840 affectus
1240 1799 1280 1840 a
1301 1786 1517 1842 vestro
1534 1778 1557 1820 ¹⁹
1577 1785 1878 1863 poterunt
1898 1799 2191 1863 separare
2210 1774 2503 1860 collegiO.

431 1857 528 1922 Te
570 1860 819 1944 itaque,
837 1927 844 1933 ,
864 1867 1046 1943 pater
1089 1858 1454 1925 dulcissime
1472 1910 1489 1944 ,
1534 1882 1809 1948 vosque,
1857 1882 1893 1925 o
1939 1860 2248 1925 carissimi
2288 1869 2503 1944 patres

259 1951 326 2006 et
368 1941 618 2023 fratres,
661 1942 930 2027 inplorO,
973 1964 1091 2028 pro
1133 1965 1238 2008 me
1283 1945 1581 2009 continue
1612 1945 2053 2010 beatissimum
2098 1963 2503 2008 communem

258 2036 513 2112 patrem
571 2035 637 2090 et
737 2035 1131 2111 receptorem
1188 2044 1455 2112 poscere
1511 2027 1866 2114 dignamini
1918 2025 2343 2093 Benedictum
2357 2075 2373 2108 ,
2430 2034 2505 2089 ut

258 2110 397 2174 suis
443 2130 482 2172 a
529 2107 619 2172 ud
751 2110 978 2174 ristum
1022 2108 1322 2176 obteneat
1347 2113 1609 2194 meritiS,
1654 2122 1726 2178 ut
1751 2135 1855 2177 me
1887 2111 2255 2198 quantotius
2285 2108 2501 2194 digne-

255 2203 368 2258 tur
394 2215 465 2258 re
513 2191 663 2257 dere
700 2192 904 2258 vobis.
994 2194 1198 2280 Spero
1243 2216 1279 2259 e
1327 2194 1544 2259 uidem
1587 2197 1654 2259 in
1696 2195 1840 2259 Deo
1884 2204 2121 2274 nostr0,
2166 2195 2280 2281 qui
2320 2214 2501 2255 num-

261 2299 462 2364 quam
515 2277 583 2339 in
645 2275 832 2340 bonis
876 2278 1117 2362 patitur
1160 2277 1298 2343 desi
1345 2279 1490 2342 eriis
1538 2300 1926 2376 quemquam
1978 2275 2278 2358 fraudari,
2330 2273 2503 2372 quod

258 2383 367 2425 me
413 2361 770 2425 secundum
826 2360 1177 2426 anhelantis
1229 2362 1358 2426 mei
1401 2361 1611 2426 cordis
1655 2361 2041 2426 deslderium
2084 2358 2269 2424 vobis
2315 2366 2500 2422 cltlus

258 2445 559 2526 restituat
617 2465 764 2508 cum
822 2466 1105 2530 congruo
1160 2444 1392 2510 fructu.
1502 2444 1914 2532 Superfluum
1963 2443 2149 2510 vobis
2213 2441 2499 2521 aestim0,

261 2537 335 2593 ut
379 2527 720 2593 effundatis
761 2550 986 2613 preces
1042 2551 1160 2614 pro
1201 2530 1437 2594 nostris
1477 2529 1753 2594 dominis
1804 2550 2152 2615 eorumque
2195 2525 2500 2607 exercitu,

261 2613 572 2692 scribere,
622 2633 769 2675 cum
814 2612 1046 2693 sciam,
1104 2634 1219 2677 vos
1262 2615 1328 2676 in
1370 2612 1493 2677 hoc
1535 2614 1677 2699 ipso
1722 2635 1974 2699 semper
2014 2612 2336 2691 insistere,
2381 2629 2498 2693 pro

258 2697 500 2762 domno
541 2693 628 2758 ill.
646 2706 675 2750 8
704 2694 958 2778 abbate,
1002 2696 1169 2760 sicut
1195 2704 1259 2761 et
1300 2695 1528 2778 facitis,
1573 2696 1900 2762 Christum
1929 2695 2273 2781 deposcite,
2319 2693 2499 2757 cuius

259 2780 369 2844 hic
423 2780 524 2843 sin
571 2777 734 2843 ulari
786 2788 933 2864 post
986 2779 1411 2878 principalem
1451 2779 1957 2845 munificentiam
2000 2778 2269 2843 *nutrior
2310 2774 2498 2860 largi·
2519 2796 2537 2816 ·

259 2874 411 2929 tate.
559 2871 710 2926 anta
749 2861 926 2944 mihi,
971 2863 1299 2946 carisslml,
1344 2873 1556 2929 vestra
1595 2862 1747 2927 illuc
1790 2864 1978 2949 copia
2019 2862 2266 2942 existit,
2310 2868 2400 2940 ut,
2444 2859 2499 2955 si

258 2945 482 3013 vellim
521 2968 638 3011 vos
683 2944 1088 3032 singulariter
1140 2969 1546 3032 nuncupare,
1611 2955 1746 3012 tota
1800 2947 1960 3011 haec
2010 2943 2243 3010 vestris
2299 2963 2499 3006 nomi-

257 3030 452 3095 nibus
498 3031 738 3116 pagina
778 3051 909 3094 non
951 3031 1155 3115 possit
1182 3030 1493 3096 sufficere.
1580 3029 1769 3096 Unde
1798 3026 2179 3115 generaliter
2207 3024 2502 3091 omnibus

260 3124 326 3180 et
370 3124 526 3201 opto
580 3124 644 3179 et
687 3114 898 3179 scribo
955 3112 1252 3196 salutem,
1312 3114 1653 3179 obsecrans
1670 3161 1687 3194 ,
1746 3122 1818 3177 ut
1859 3135 1991 3177 non
2033 3108 2503 3176 obliviscamini

261 3199 409 3264 mei.
485 3197 580 3261 Te
622 3219 796 3279 vero,
841 3197 930 3260 mi
974 3196 1229 3262 domine
1272 3207 1336 3263 et
1376 3196 1759 3263 venerabilis
1804 3195 2001 3277 abba,
2055 3217 2169 3260 seu
2214 3192 2502 3291 quicum-

263 3283 438 3369 que¹¹
483 3303 581 3364 es,
639 3302 851 3346 nonne
906 3303 1020 3366 pre
1069 3281 1258 3363 osite,
1362 3291 1501 3363 etc,
1557 3289 1630 3345 ut
1669 3278 1825 3344 mihi
1869 3276 2061 3344 scribi
2116 3274 2365 3340 faclatis
2422 3272 2503 3338 de

257 3374 480 3431 vestra
521 3364 918 3451 fratrumque
963 3385 1034 3428 sa
1058 3373 1198 3448 ute,
1251 3303 1360 3428 vell
1414 3362 1635 3451 quales
1692 3362 1876 3428 vobis
1934 3361 2181 3426 fructus
2239 3379 2501 3457 presens

261 3471 470 3514 annus
525 3446 851 3530 adtulerit3
911 3458 1109 3534 utque
1164 3449 1414 3514 eorumi
1481 3447 1748 3512 fratrum
1806 3446 1964 3510 mihi
2014 3445 2300 3528 dirigatls
2355 3463 2503 3505 cum

263 3532 636 3599 nominibus
679 3552 1035 3614 numerum,
1127 3532 1195 3595 ui
1236 3530 1575 3595 mundanis
1619 3530 1796 3595 exuti
1834 3528 2109 3595 vinculis
2151 3526 2505 3611 migrarunt

260 3617 348 3682 ad
393 3614 744 3680 Christum.
830 3613 997 3678 Nam
1039 3637 1081 3714 p
1108 3615 1348 3680 urimos
1391 3615 1627 3681 obiisse
1684 3614 1911 3697 audi03
1971 3611 2085 3677 sed
2125 3608 2503 3675 nominatim

264 3699 598 3766 nonnumk
641 3697 756 3779 ill.,
858 3700 958 3780 ui,
1018 3721 1073 3762 s1
1128 3719 1276 3764 vere
1315 3699 1406 3762 ita
1461 3707 1586 3780 est,
1646 3697 1773 3762 mei
1827 3696 2037 3762 cordis
2088 3701 2335 3781 partem
2374 3712 2506 3755 non

263 3783 592 3849 modicam
634 3781 750 3847 abs
869 3791 895 3846 t
938 3804 1174 3847 secum.
1248 3781 1426 3864 Vale,
1471 3791 1655 3866 pater
1697 3781 2113 3861 sanctissime,
2159 3787 2224 3842 et
2261 3795 2505 3842 memor

263 3891 407 3934 esse
454 3865 521 3930 di
569 3886 720 3929 nare
763 3863 944 3929 filioli
985 3865 1096 3930 tui.

538 3971 645 4013 am
687 3946 930 4014 fluebat
972 3947 1218 4014 decima
1261 3947 1340 4013 de
1381 3969 1599 4012 mense
1643 3946 1920 4013 diecula¹
1963 3945 2125 4026 Iani,

504 4032 798 4118 Margine
843 4031 922 4097 de
964 4032 1203 4097 vitreae
1248 4053 1398 4096 cum
1441 4053 1584 4095 sum
1627 4030 1869 4096 directa
1909 4027 2233 4095 Mosellae.

510 4114 677 4181 Cum
719 4125 901 4202 patre
944 4113 1246 4180 mellifluo
1289 4115 1514 4180 fratres
1558 4115 1691 4179 sine
1735 4113 1861 4178 fine
1904 4113 2142 4178 valete!

261 4279 311 4332 a)
343 4285 518 4320 terrere
549 4289 585 4319 o.
657 4276 706 4330 b)
739 4287 843 4317 mea
872 4287 906 4316 c.
969 4274 1010 4327 c)
1041 4275 1106 4315 ita
1134 4277 1323 4325 συνατὴ
1354 4277 1561 4327 patribus
1590 4287 1650 4324 ο.,·
1680 4275 1933 4316 visceribus
1965 4275 2063 4316 Leb.
2140 4275 2187 4326 d)
2218 4267 2506 4320 tranquilla?

263 4336 312 4390 ο)
343 4338 544 4379 labentis
575 4349 687 4378 corr.
719 4335 932 4376 flaventIs
962 4345 998 4376 e.
1069 4331 1106 4384 f)
1139 4345 1252 4375 vero
1293 4346 1328 4374 c.
1392 4333 1439 4386 g)
1465 4346 1554 4384 pro
1584 4335 1755 4374 nomine
1784 4334 1986 4383 positum.
2050 4331 2098 4383 h)
2133 4341 2422 4381 quocumque
2454 4337 2503 4367 es

259 4399 453 4438 nomine
470 4397 714 4447 p.L01›.,·q.
730 4405 773 4436 e.
789 4393 1124 4444 κροαίνων-ια
1135 4393 1378 4436 σεπεοεΒΙ.
1411 4392 1446 4445 1)
1461 4403 1606 4434 unum
1623 4393 1693 4434 c.'?
1721 4391 1969 4442 mser-taen
1986 4391 2190 4432 nomdll.
2221 4388 2255 4440 1)
2269 4389 2451 4430 deicola
2467 4399 2504 4427 c.

2586 2830 2597 2842 .
2621 2802 2689 2840 17.
