2984 4917
432 420 652 472 PAULI
691 420 1042 487 HISTORIA,
1079 422 1750 474 LANGOBARDORUM.
1829 423 1971 474 LIB.
2013 423 2106 475 VI.
2312 424 2417 473 219

205 585 425 652 Christi
467 598 574 652 sea
620 588 876 653 servitio
923 586 1236 671 subdenS,
1296 588 1605 653 mirabilis
1662 591 1730 653 in
1773 590 2147 676 episcopatu
2189 591 2419 671 extitit,

200 672 308 733 acb
369 673 621 737 demum
677 672 1113 737 heremiticam
1165 676 1370 738 vitam
1426 672 1664 759 eligens
1682 723 1698 756 ,
1751 672 2019 758 leprosis
2076 675 2377 738 universa
2394 686 2419 717 ⁰

241 755 536 821 raebensd
587 756 918 841 obsequia,
971 758 1509 821 continentissime
1569 759 1754 821 vixit.
1838 758 1941 821 De
1997 758 2178 822 cuius
2230 759 2419 821 mira-

199 778 418 904 {ilibus
475 847 634 926 aput
689 841 1039 905 Metensem
1098 839 1460 923 ecclesiam,
1526 842 1639 907 ubi
1684 842 2126 939 episcopatum
2198 842 2415 927 gessit,

197 920 347 985 liber
400 926 674 1003 existite,
731 924 1017 989 eiusdem
1070 924 1382 989 miracula
1434 936 1498 989 et
1546 928 1715 991 vitae
1767 925 2215 989 abstinentiam
2272 948 2417 990 con-

194 1005 388 1071 tinens
400 1008 440 1071 f.
543 1007 673 1072 Sed
730 1017 793 1071 et
846 1030 880 1071 e
931 1030 967 1071 o
1019 1010 1088 1072 in
1144 1008 1306 1074 libro
1365 1031 1555 1094 quem
1618 1009 1697 1073 de
1755 1010 2071 1094 episcopis
2132 1010 2417 1073 eiusdem

196 1090 454 1155 civitatis
499 1093 849 1189 conscripsi
936 1093 1212 1177 agitante
1256 1092 1686 1179 Angelramno
1701 1106 1747 1177 g,
1792 1094 1930 1157 viro
1976 1094 2310 1157 mitissimo
2355 1102 2419 1157 et

192 1176 512 1239 sanctitate
571 1197 936 1261 praeclpuO,
995 1176 1358 1261 praefataeh
1413 1176 1715 1243 ecclesiae
1774 1178 2275 1263 archiepiscop0,
2336 1177 2416 1241 de

193 1255 305 1321 hoc
345 1260 772 1323 sacratissimo
826 1261 968 1323 viro
1013 1260 1282 1325 Arnulfo
1330 1260 1647 1346 quaedam
1713 1262 1849 1326 eius
1903 1262 2221 1325 mirandai
2265 1260 2414 1327 con—

187 1344 419 1425 posuik·
441 1356 484 1426 ¹,
575 1365 696 1407 uae
737 1344 927 1408 modo
974 1344 1367 1429 superfluum
1410 1346 1571 1408 duxi
1612 1344 1941 1430 replicare.

350 1428 444 1492 17.
566 1437 708 1493 nter
762 1428 922 1493 haec
981 1428 1376 1514 Cunincpert
1429 1430 1677 1493 cunctis
1729 1427 2182 1493 amabillimus¹
2237 1430 2414 1515 prin-

187 1530 349 1595 cePS,
390 1522 541 1597 post
585 1533 736 1574 uam
766 1511 1104 1577 duodecim
1132 1534 1332 1577 annos
1360 1513 1499 1576 Lan
1547 1512 1931 1577 obardorum
1970 1534 2237 1597 regnum
2265 1523 2412 1599 post
2434 1536 2533 1578 τοο.

227 1602 423 1660 atrem
478 1617 546 1661 so
573 1619 648 1659 us
700 1595 1007 1678 obtenuit,
1072 1598 1332 1661 tandem
1381 1596 1463 1660 ab
1560 1619 1636 1661 ac
1685 1596 1827 1661 luce
1881 1597 2243 1661 subtractus
2295 1607 2409 1661 est.

253 1677 349 1741 ‘cm
387 1682 458 1744 in
502 1701 729 1766 campo
761 1678 1095 1763 Coronate,
1140 1681 1254 1746 ubi
1295 1678 1536 1745 bellum
1580 1691 1802 1745 contra
1831 1678 2051 1745 Alahis
2086 1682 2300 1766 gessit,
2344 1682 2413 1745 in

179 1760 456 1829 honore¹¹
527 1762 700 1828 beati
760 1764 1061 1849 Georgii⁰
1131 1765 1428 1850 martyris
1501 1766 1955 1829 monasterium
2038 1765 2413 1829 construxit.

179 1844 324 1910 Fuit
363 1858 582 1913 autem
622 1848 722 1913 vir
764 1846 1020 1933 elegans
1065 1856 1128 1912 et
1181 1850 1354 1912 omni
1407 1848 1691 1913 bonitate
1744 1870 1900 1912 cons
1950 1850 2132 1912 icuus
2174 1850 2413 1913 audax-

179 1950 296 2013 que
340 1931 630 1997 bellator.
715 1932 843 1995 Hic
875 1954 1020 1995 cum
1047 1931 1264 1995 multis
1292 1932 1865 2017 Langobardorum
1903 1871 2191 1996 lacrimis
2232 1934 2414 1997 iuxta

175 2010 504 2079 basilicam
523 2027 550 2068 Ρ
612 2016 853 2079 domini
899 2014 1262 2098 SalvatoriS,
1309 2038 1503 2101 quam
1557 2015 1880 2101 quondam
1928 2038 2087 2079 avus
2127 2017 2413 2081 eiusdem

174 2094 433 2184 Aripert
477 2108 918 2165 construxerat
933 2111 976 2181 ²,
1019 2099 1305 2185 sepultus
1349 2107 1461 2163 est.
1548 2100 1965 2197 Regnumque
2008 2098 2508 2184 *Langobar-*2
2542 2118 2644 2162 1⁷1.

175 2180 440 2246 dorum‘l
485 2182 816 2268 Liutperto
833 2195 856 2224 ¹·
898 2184 1026 2247 filio
1069 2183 1281 2247 adhuc
1335 2181 1597 2268 puerilis
1616 2195 1637 2225 ⁵
1694 2191 1919 2247 aetatls
1970 2182 2243 2268 reliquit,
2304 2184 2411 2246 cui

171 2272 480 2415 tutioremt
522 2266 995 2352 Ansprandum,
1056 2270 1266 2333 virum
1311 2268 1663 2352 sapientem
1706 2276 1810 2331 et¹¹
1854 2265 2202 2349 inlustrem,
2262 2289 2409 2331 con-

171 2350 250 2411 tri
295 2353 412 2415 uit.

335 2435 438 2499 18.
527 2434 782 2499 Dehinc
835 2433 1066 2521 elapsis
1124 2443 1266 2499 octo
1321 2431 1675 2516 mensibus,
1744 2434 2218 2520 Raginpertusv
2272 2433 2409 2497 dux

167 2615 210 2669 a)
241 2617 293 2659 se
325 2620 522 2660 servitio
555 2630 605 2659 sc
638 2619 736 2661 Gl.
770 2622 811 2662 2.
902 2620 949 2671 b)
984 2631 1076 2670 qut
1104 2622 1142 2661 B
1164 2623 1212 2670 13
1246 2621 1309 2661 Ca
1340 2618 1399 2673 (?)
1432 2621 1474 2662 d.
1507 2632 1623 2663 corr.
1654 2620 1711 2659 ad
1742 2624 1993 2660 extremum
2027 2621 2063 2659 F
2098 2622 2139 2660 1.
2232 2618 2272 2671 c)
2306 2620 2406 2659 uni-

164 2686 343 2717 versam
377 2678 422 2720 G
455 2680 496 2719 3.
528 2680 570 2718 4.
691 2680 738 2731 d)
768 2681 1001 2730 praebens
1039 2702 1087 2710 -
1122 2680 1287 2719 mix-abi
1318 2681 1402 2719 des.
1436 2680 1477 2719 A
1508 2676 1571 2720 *3.
1714 2676 1757 2730 e)
1792 2678 2009 2733 ex(s)titit
2036 2678 2078 2718 A
2110 2680 2153 2720 3.
2186 2680 2229 2720 4.
2265 2679 2315 2720 C.
2346 2680 2407 2720 D.

161 2736 198 2775 E
231 2740 272 2777 1.
321 2739 360 2777 F
391 2740 442 2779 4.
494 2738 535 2779 G
568 2736 638 2779 58..
684 2740 743 2779 Η.
892 2736 928 2789 f)
962 2750 1000 2780 c.
1035 2737 1082 2778 S.
1114 2742 1160 2779 et
1203 2740 1289 2781 des.
1339 2739 1381 2779 G
1411 2739 1454 2790 3,
1502 2740 1579 2789 qui
1620 2740 1731 2777 hunc
1776 2739 1914 2777 locum
1955 2740 2089 2787 plane
2134 2738 2403 2787 deformavit.

159 2793 204 2845 g)
235 2794 533 2845 Agelramno
563 2795 604 2835 A
637 2798 688 2847 33
735 2798 1033 2846 Agelrammo
1067 2796 1107 2837 G
1136 2800 1190 2847 43
1239 2798 1509 2846 Agelranno
1543 2800 1584 2838 D
1608 2792 1673 2847 '33
1719 2798 2023 2847 Engilramno
2057 2797 2098 2838 G
2129 2798 2206 2848 503
2252 2796 2405 2845 Ange-

161 2856 302 2895 tando
335 2858 374 2895 F
407 2857 464 2905 43
511 2855 809 2905 Anguramno
843 2856 878 2897 C
912 2858 952 2896 1.
987 2858 1030 2897 2.
1177 2855 1225 2908 h)
1257 2858 1368 2897 deest
1398 2857 1439 2896 A
1469 2854 1543 2906 *33
1591 2869 1635 2907 p.
1670 2867 1710 2895 e.
1744 2868 1787 2897 a.
1820 2859 1903 2896 des.
1951 2856 1993 2896 A
2026 2858 2065 2896 1.
2100 2878 2154 2886 —
2186 2856 2411 2905 archiepi-

159 2924 322 2964 scopus
359 2914 404 2956 G
441 2917 482 2955 1.
517 2916 570 2963 23
603 2917 821 2965 episcopo
854 2914 897 2955 G
929 2916 999 2955 5⁸..
1019 2926 1060 2954 c.
1195 2914 1230 2967 i)
1263 2918 1522 2956 mirandam
1551 2917 1588 2955 F
1623 2918 1673 2965 13
1706 2916 1933 2955 miracula
1962 2917 1999 2954 Β
2035 2918 2074 2955 2.
2109 2915 2150 2956 G
2182 2917 2225 2955 3.
2259 2916 2301 2954 4.
2336 2915 2405 2955 5ο.

161 2970 210 3024 k)
245 2975 502 3024 conposuit
559 2974 596 3013 F
630 2976 669 3013 1.
830 2972 865 3025 1)
898 2976 960 3013 ita
1008 2973 1051 3013 A
1083 2976 1123 3013 2.
1156 2970 1220 3015 *3.
1255 2975 1295 3014 3.
1326 2976 1368 3015 4.
1429 2977 1467 3015 Β
1504 2976 1543 3015 1.
1578 2976 1618 3016 2,
1679 2975 1716 3012 F
1750 2977 1789 3013 1.
1854 2974 1894 3013 G
1925 2976 1977 3023 13
2049 2974 2406 3014 amabilissimus

156 3030 196 3069 A
227 3028 289 3072 *2.
326 3034 402 3075 2a.
437 3034 478 3073 Β
514 3034 583 3073 1⁸.
613 3034 650 3072 F
681 3034 724 3075 4.
756 3032 798 3077 5.
834 3032 875 3073 G
906 3034 946 3072 2.
981 3033 1023 3073 3.
1056 3034 1099 3072 4.
1132 3032 1204 3073 5a.
1229 3044 1273 3083 ος
1319 3034 1531 3073 amabilis
1561 3032 1603 3072 A
1636 3032 1695 3072 1¹?
1726 3032 1778 3074 0.
1799 3034 1867 3071 -D.
1898 3034 1922 3071 Ι
1957 3034 1997 3072 1.
2133 3030 2196 3082 m)
2228 3034 2317 3072 Hic
2351 3054 2403 3062 —

156 3093 422 3132 construxit
455 3102 540 3131 om.
574 3091 616 3131 A
647 3088 708 3133 *4.
799 3089 848 3143 n)
881 3092 1104 3131 honorem
1134 3091 1256 3131 Al?
1287 3092 1328 3132 3.
1365 3092 1412 3133 C.
1444 3093 1505 3133 D.
1598 3089 1641 3142 ο)
1679 3090 1867 3132 Geordii
1902 3090 2006 3139 G33
2042 3090 2257 3139 Gregorii
2287 3089 2403 3129 Aa?

150 3146 199 3199 p)
233 3150 445 3191 basilica
485 3150 524 3189 F
559 3152 598 3193 1.
632 3149 674 3190 G
703 3150 765 3189 2¹?
914 3148 962 3201 q)
993 3152 1070 3189 hoc
1099 3152 1191 3190 loco
1219 3151 1372 3190 desinit
1417 3151 1455 3189 B
1491 3153 1531 3192 1.
1683 3148 1723 3201 r)
1755 3149 1967 3199 Liutpert
1999 3148 2040 3189 G
2072 3150 2123 3198 33
2169 3149 2408 3198 Liutepert

156 3206 196 3247 G
222 3209 279 3259 43
311 3210 562 3259 Luitperto
595 3209 629 3250 C
664 3211 714 3259 13
760 3210 1014 3250 Liudberto
1056 3208 1096 3249 G
1128 3210 1181 3259 23
1224 3210 1478 3259 Luuiperto
1524 3209 1564 3248 A
1597 3209 1638 3250 3.
1789 3206 1828 3259 s)
1861 3208 2064 3257 puerulis
2110 3207 2152 3245 A
2184 3209 2223 3247 2.
2278 3207 2319 3247 G
2350 3207 2404 3257 33

151 3270 353 3316 puerulo
389 3270 546 3308 aetate
577 3268 620 3307 D
652 3269 692 3310 2.
812 3266 849 3319 t)
881 3272 1030 3309 tutore
1059 3269 1098 3307 F
1133 3271 1172 3308 1.
1304 3266 1354 3320 u)
1386 3269 1495 3307 deese
1530 3268 1571 3307 G
1602 3268 1643 3309 3.
1676 3269 1719 3307 4.
1854 3264 1901 3317 v)
1933 3266 2255 3316 Ragimpertus
2286 3265 2327 3305 A
2360 3267 2403 3309 2.

153 3327 190 3365 F
225 3330 266 3368 1.
305 3328 350 3369 G
385 3329 443 3377 13
475 3326 798 3375 Ragimbertus
833 3326 874 3367 G
906 3328 952 3377 23
983 3327 1181 3375 Raginb.
1215 3329 1258 3367 D
1291 3328 1331 3368 2.
1367 3328 1420 3377 3;
1451 3328 1617 3377 Rainp.
1652 3325 1751 3367 G3.
1772 3326 1815 3367 4.

153 3482 208 3551 1)
249 3484 360 3538 SS.
402 3484 492 3549 II,
529 3503 592 3550 p.
626 3485 750 3535 264.
899 3482 957 3551 2)
997 3484 1066 3535 In
1123 3486 1250 3537 urbe
1305 3486 1453 3553 regia
1501 3483 1781 3547 Picine‘nsi,
1834 3482 1926 3533 ubi
1981 3483 2171 3551 legitur
2228 3482 2405 3534 adhuc

150 3557 209 3609 ‘im
247 3560 448 3611 eadem
487 3558 710 3610 basilica
747 3557 896 3623 apud
935 3556 1268 3609 Cassinenses
1323 3558 1604 3610 monachos
1627 3558 1998 3625 fragmentum
2035 3555 2295 3623 epitaphii
2330 3557 2411 3607 ad'

149 3630 300 3683 illius
368 3633 637 3683 tumulum
693 3628 956 3697 appositi,
1027 3632 1170 3697 quod
1223 3632 1384 3697 refert
1441 3631 1713 3682 Muratori
1765 3630 1823 3681 in
1881 3630 1969 3682 lib.
2026 3628 2406 3697 antiquitatum

147 3706 475 3758 Estensimn
512 3722 630 3769 cap.
670 3703 720 3768 I,
761 3705 846 3767 10,
883 3722 939 3769 p.
983 3704 1079 3754 73.-

537 3798 713 3847 Aureo
751 3811 818 3845 ex
853 3796 998 3846 fonte
1039 3798 1320 3862 quiescunt
1353 3797 1410 3845 in
1449 3795 1633 3845 ordine
1670 3810 1847 3859 regeS‚

537 3870 701 3931 AVuS,
739 3874 908 3934 pater,
945 3869 1035 3919 hic
1075 3869 1215 3921 filius
1253 3868 1571 3919 heiulandus
1610 3874 1821 3918 tenetur

541 3942 886 4008 Ouningpert,
925 3943 1326 3993 florentissimus
1365 3957 1430 3991 ac
1467 3942 1863 3992 robustissimus
1900 3957 2011 4004 rex,

540 4016 709 4077 Quem
751 4014 1019 4066 dominum
1058 4015 1237 4079 Italia,
1275 4019 1478 4081 patrem
1520 4020 1680 4079 atque
1718 4020 2003 4081 pastorem,

539 4088 676 4138 Inde
714 4088 894 4138 flebile
931 4092 1174 4140 maritum
1214 4091 1321 4138 iam
1359 4087 1587 4138 viduata
1623 4092 1821 4153 gemet.

534 4162 658 4211 Alia
697 4161 764 4211 de
801 4167 954 4228 parte
992 4164 1040 4213 si
1077 4164 1336 4227 originem
1377 4176 1621 4227 quaeras,

539 4235 656 4285 Rex
690 4234 791 4284 fuit
826 4251 974 4298 avus,
1013 4242 1182 4286 mater
1217 4234 1583 4301 gubernacula
1619 4234 1793 4284 tenuit
1827 4234 1999 4297 regni.

541 4307 814 4359 Mirandus
854 4313 967 4359 erat
1001 4310 1186 4373 forma,
1225 4309 1370 4375 pius3
1409 4324 1577 4371 mens,
1616 4308 1663 4358 si
1700 4307 1955 4427 requiraelzs,

543 4380 792 4431 Miranda
833 4414 1792 4434 ..................
1833 4379 1876 4428 Β
1914 4413 1928 4427 .
