2984 4917
423 420 647 472 PAULI
685 420 1035 473 HISTORIA
1072 419 1745 473 LANGOBARDORUM.
1821 421 1965 473 LIB.
2004 422 2049 475 1.
2297 424 2363 474 ⁷9

285 585 510 652 Libet⁸
554 609 658 652 me
701 586 982 652 breviter
1021 586 1274 670 referre,
1321 587 1500 674 quod
1542 588 1768 653 beatus
1797 586 2149 674 Gregorius
2192 610 2364 676 papa

143 671 380 735 minime
420 672 491 734 in
545 669 734 735 huius
793 671 1176 736 sanctissimi
1263 672 1418 736 atris
1452 672 1589 736 vita
1629 671 1983 757 descripsit.
2065 672 2366 759 Denique

145 774 267 817 cum
309 753 530 818 divina
573 755 1028 820 ammonitione
1056 776 1097 817 a
1128 754 1221 819 Su
1267 754 1412 819 lacu
1453 755 1563 818 inb
1606 753 1796 838 hunc,
1843 754 1956 820 ubi
1997 756 2362 842 requiescit,

140 837 472 985 locumaper
492 839 956 925 quinquaginta
980 838 1184 904 ferme
1205 837 1382 902 milia
1409 838 1803 922 adventaret,
1832 848 1962 905 tres
1992 862 2139 904 eum
2170 841 2364 921 corvi,

144 942 284 1006 quos
386 943 494 987 ere
537 920 760 987 solitus
791 932 928 1000 erat
944 934 988 1003 ⁰,
1019 933 1170 988 sunt
1200 922 1782 988 circumvolitantes
1819 923 2041 988 secuti.
2131 921 2257 988 Cui
2282 923 2368 988 ad

144 1025 310 1068 omne
336 1005 585 1071 bivium
604 1007 654 1089 ¹¹,
700 1027 904 1093 usque
948 1006 1105 1071 dum
1121 1017 1146 1048 θ
1189 1005 1317 1071 huc
1341 1007 1607 1090 veniret,
1651 1006 1779 1072 duo
1810 1006 2024 1106 angeli
2052 1007 2119 1070 in
2160 1007 2371 1094 figura

143 1088 427 1154 iuvenum
487 1099 867 1176 apparentes
883 1137 900 1172 ,
975 1089 1388 1155 ostenderunt
1444 1091 1538 1173 ei,
1606 1112 1799 1178 quam
1856 1112 2033 1156 viam
2088 1093 2369 1178 arripere

145 1171 403 1238 deberet.
488 1173 568 1237 In
608 1172 751 1238 loco
793 1182 1011 1239 autem
1065 1174 1190 1239 isto
1246 1175 1509 1273 quidam
1550 1174 1681 1239 Dei
1723 1197 1943 1241 servus
2000 1185 2155 1240 tunc
2193 1172 2371 1239 habi-

145 1255 409 1322 taculum
449 1255 751 1340 habebat,
793 1255 876 1321 ad
907 1279 1100 1344 quem
1142 1257 1448 1324 divinitus
1489 1259 1582 1323 ita
1622 1258 1868 1324 dictum
1911 1269 2035 1325 est:

501 1340 644 1406 ‘His
660 1341 682 1384 ¹
723 1351 796 1406 tu
836 1362 1030 1426 parce
1072 1341 1248 1423 locis,
1292 1341 1453 1409 alter
1492 1344 1737 1407 amicus
1780 1342 1997 1408 adest'.

142 1423 298 1488 Hice
353 1433 604 1507 autem,
663 1425 785 1489 hoc
839 1426 977 1490 esth
1041 1425 1109 1490 in
1173 1424 1427 1491 Cassini
1489 1424 1703 1493 arcem
1721 1427 1737 1468 ί
1748 1474 1769 1507 ,
1833 1428 2241 1512 perveniens,
2304 1425 2373 1489 in

141 1529 358 1594 magna
401 1531 469 1572 se
514 1530 770 1595 semper
811 1507 1196 1574 abstinentia
1252 1511 1581 1576 coartavit.
1657 1510 1787 1576 Sed
1828 1511 2172 1598 praecipue
2218 1531 2372 1598 qua-

141 1591 524 1678 dragesimae
567 1599 854 1678 tempore
909 1591 1232 1658 inclausus
1277 1603 1341 1658 et
1395 1605 1678 1660 remotus
1721 1615 1762 1658 a
1818 1593 2045 1658 mundi
2102 1593 2372 1678 strepitu

141 1676 378 1740 mansit.
486 1676 668 1740 Haec
744 1677 959 1741 omnia
1014 1700 1097 1742 ex
1125 1703 1128 1710 ·
1156 1677 1366 1743 Marci
1483 1688 1667 1761 oetag
1739 1679 2021 1743 carmine
2088 1677 2368 1763 sumpsi,

142 1761 236 1844 qui
293 1759 379 1824 ad
423 1760 697 1825 eundem
739 1769 989 1860 patrem
1031 1749 1156 1825 Huc
1207 1763 1493 1847 venienS,
1538 1752 1800 1850 aliquod
1841 1783 2065 1828 versus
2122 1762 2191 1824 in
2234 1761 2371 1824 eius

138 1842 377 1909 laudem
433 1854 824 1929 composuit,
932 1865 1050 1908 uos
1107 1846 1176 1909 in
1216 1844 1316 1910 his
1370 1842 1601 1912 libellis
1660 1867 1893 1912 cavens
1934 1845 2199 1909 nimiam
2239 1843 2375 1908 lon-

138 1927 480 2012 gitudinem
555 1929 818 1992 minime
942 1930 1270 2015 escripsi1.
1400 1929 1667 1995 Certum
1729 1938 1943 1994 tamen
1994 1939 2092 1994 est
2109 1977 2126 2011 ,
2204 1926 2377 1992 hunc

139 2013 456 2097 egregium
499 2022 747 2097 patrem
789 2021 1087 2077 vocatum
1132 2013 1394 2078 caelitus
1434 2013 1522 2080 'ob
1539 2015 1571 2056 ¹⁸
1614 2012 1737 2078 hoc
1763 2013 1848 2078 ad
1891 2013 2062 2077 hunc
2102 2010 2375 2076 fertilem

139 2093 340 2160 locum
383 2105 447 2159 et
476 2096 582 2158 cui
611 2097 828 2181 opima
854 2093 1040 2160 vallis
1069 2097 1357 2163 subiacet
1384 2096 1741 2181 advenisse,
1783 2107 1855 2161 ut
1881 2096 1987 2160 hic
2031 2094 2375 2160 multorum

139 2177 616 2262 monachorum,
677 2182 844 2244 sicut
887 2189 952 2244 et
1008 2202 1180 2244 nunc
1222 2181 1367 2245 Deo
1409 2179 1705 2280 praesule
1748 2179 1918 2246 facta
1960 2189 2077 2262 est,
2114 2199 2375 2264 congre-

138 2265 299 2346 gatio
331 2261 533 2328 fieret.
617 2262 740 2328 His
784 2263 1042 2345 cursim,
1090 2285 1255 2349 quae
1299 2264 1651 2330 om1ttenda
1676 2286 1808 2336 non
1837 2273 2036 2345 erant,
2080 2263 2369 2345 narratis,

137 2347 211 2411 ad
249 2357 508 2412 nostrae
549 2348 778 2412 seriem
821 2356 1219 2412 revertamur
1258 2348 1581 2414 historiae.

292 2431 394 2496 27.
481 2429 690 2515 Igitur
728 2429 1022 2513 Audoin,
1083 2431 1164 2496 de
1224 2453 1350 2518 quo
1408 2432 1964 2518 praemiseramus,
2005 2428 2375 2516 Langobar·
2412 2435 2609 2515 &4223

135 2512 356 2578 dorum
412 2536 530 2578 rex
585 2512 1040 2580 Rodelindam¹
1097 2516 1167 2578 in
1215 2517 1619 2580 matrimonio
1636 2527 1678 2558 ¹¹¹
1721 2514 1947 2580 habuit
1965 2525 2024 2597 ²3
2107 2534 2273 2600 quae
2316 2513 2375 2579 ei

135 2596 386 2680 Alboin,
429 2599 642 2662 virum
685 2597 869 2664 bellis
923 2607 1148 2684 aptum
1191 2607 1254 2664 et
1295 2621 1413 2685 per
1451 2599 1667 2664 omnia
1704 2609 2056 2680 strenuum,
2153 2597 2374 2681 eperit.
2474 2601 2621 2689 '{1..‚‚.]„,

134 2681 420 2748 Mortuus
463 2682 682 2768 itaque
743 2691 840 2746 est
876 2681 1156 2766 Audoin,
1198 2703 1276 2747 ac
1319 2683 1552 2748 deinde
1593 2705 1821 2770 regum
1837 2695 1866 2725 ¹¹
1914 2683 2046 2745 iam
2134 2681 2375 2746 ecimus
2484 2687 2487 2690 ’

132 2764 367 2832 Alboin
410 2767 496 2830 ad
522 2765 870 2864 regendam
898 2767 1172 2852 patriam
1216 2770 1240 2797 '¹‘
1257 2778 1633 2833 cunctorum
1661 2767 1827 2832 votis
1870 2767 2158 2830 accessit.
2246 2764 2471 2847 Qui*1›·
2503 2777 2577 2820 ⁶2·

134 2870 272 2914 cum
314 2849 814 2915 famosisslmum
852 2861 917 2915 et
956 2850 1202 2916 viribus
1247 2849 1488 2915 clarum
1532 2851 1775 2937 ubique
1817 2871 2054 2915 nomen
2093 2848 2375 2932 haberet,

133 2932 490 2998 Chlotarius
506 2944 532 2976 ⁰
584 2955 702 2997 rex
755 2933 1154 2998 Francorum
1198 2932 1687 3000 Chlotsuindam
1704 2946 1749 2988 Ρ·
1768 2945 1795 2982 ³
1850 2935 1910 2998 ei
1954 2954 2138 2998 suam
2180 2931 2378 2996 filiam

133 3017 194 3081 in
237 3017 643 3082 matrimonio
661 3030 690 3071 ‘1
734 3018 1020 3082 sociavit.
1086 3018 1189 3082 De
1233 3040 1364 3104 qua
1408 3031 1645 3083 unamr
1686 3025 1936 3083 tantum
1979 3015 2178 3080 filiam
2221 3014 2377 3101 Alp-

132 3102 423 3167 suindam
442 3113 465 3144 ⁵
545 3101 804 3165 nomine
873 3102 1098 3187 genuit
1109 3113 1156 3167 ⁴.
1271 3102 1454 3170 Obiit
1525 3103 1770 3167 interea
1827 3100 2207 3165 Turisindus
2260 3121 2378 3163 rex

134 3226 176 3278 a)
224 3239 384 3269 novum
445 3239 540 3278 cap.
603 3227 785 3281 (xxvl.
838 3229 904 3268 vel
947 3226 1087 3280 XXV)
1136 3228 1350 3278 incipiunt
1395 3228 1438 3268 A
1471 3231 1514 3270 2.
1549 3225 1610 3269 ’3.
1644 3228 1687 3268 3.
1735 3227 1770 3268 Ο
1805 3230 1844 3269 1.
1892 3227 1969 3267 41).
2004 3227 2045 3267 5.
2092 3227 2135 3266 D
2171 3227 2240 3265 la.
2280 3220 2371 3266 ’δι

131 3284 176 3338 b)
207 3289 239 3329 i.
273 3289 318 3330 h.
352 3287 442 3329 des.
471 3289 509 3328 B
546 3288 586 3327 1.
711 3285 753 3338 c)
787 3290 1093 3328 consueverat
1124 3287 1160 3328 Ο
1193 3289 1232 3328 1.
1267 3288 1316 3336 2;
1357 3289 1492 3329 sicuti
1535 3288 1873 3328 consueverant
1903 3286 1926 3324 1
1960 3288 2000 3325 1.
2118 3281 2165 3334 d)
2197 3283 2377 3324 biblum

129 3345 168 3384 A
197 3343 261 3398 ’2,
293 3356 409 3390 corr.
439 3346 617 3386 bivium
645 3344 691 3385 A
722 3347 771 3395 83
807 3347 1072 3387 convivium
1105 3345 1154 3388 Ο.
1188 3346 1247 3388 D.
1278 3347 1304 3386 Ι
1336 3347 1376 3385 1.
1409 3348 1448 3386 2.
1483 3347 1535 3395 3;
1585 3355 1767 3386 omnem
1797 3345 1970 3385 vivium
2001 3344 2040 3383 E
2067 3344 2109 3383 1.
2144 3362 2197 3372 —
2229 3353 2376 3392 usque

133 3425 177 3434 —
213 3408 494 3456 apparentes
525 3406 610 3445 dee.
641 3406 684 3444 D
718 3406 760 3446 2.
913 3402 956 3455 e)
989 3415 1035 3445 u.
1069 3405 1128 3446 ad
1158 3405 1248 3444 huc
1277 3408 1471 3447 veneret
1499 3416 1615 3446 corr.
1648 3415 1694 3444 u.
1729 3414 1821 3453 quo
1852 3403 1910 3444 ad
1941 3404 2032 3443 huc
2061 3402 2243 3443 veniret
2272 3399 2315 3440 A
2334 3402 2377 3445 2.

130 3462 166 3516 f)
198 3475 351 3505 verme
380 3465 493 3504 deest
525 3463 560 3505 Ο
594 3465 638 3504 2.
729 3461 776 3515 3)
809 3463 911 3503 Huc
940 3464 1068 3513 11b3
1099 3464 1222 3506 Huic
1255 3463 1289 3503 Ο
1311 3466 1354 3503 1.
1446 3462 1493 3515 h)
1526 3464 1691 3505 beatus
1722 3463 2006 3504 Benedictus
2030 3465 2133 3511 post
2148 3461 2248 3502 add.
2268 3460 2311 3500 D
2332 3462 2374 3502 1.

129 3521 162 3572 i)
196 3534 308 3564 aree
337 3522 380 3562 A
411 3523 474 3564 2⁴?
506 3519 568 3564 *4.
721 3520 770 3573 k)
804 3522 863 3562 ab
909 3522 951 3562 A
982 3519 1044 3564 ’3.
1193 3521 1230 3573 1)
1262 3523 1608 3564 Ruodelindam
1641 3522 1683 3563 G
1716 3523 1766 3571 Ξῖ
1810 3520 2074 3562 Rodelinda
2103 3520 2140 3559 F
2174 3521 2215 3560 1.
2251 3519 2293 3560 G
2323 3521 2375 3569 13

127 3580 438 3622 Rodalindam
470 3581 512 3622 G
542 3581 621 3631 503
652 3581 1084 3630 Rodelinquendam
1117 3579 1195 3633 (en
1227 3591 1248 3620 e
1277 3580 1414 3633 corr.)
1433 3581 1468 3623 Ο
1493 3584 1534 3622 1.
1657 3579 1721 3632 m)
1754 3580 2099 3622 matrimonium
2128 3579 2171 3619 D
2190 3579 2301 3623 5.F.
2321 3577 2377 3618 G.

131 3640 178 3691 n)
211 3652 376 3691 regum
406 3652 522 3681 corr.
554 3649 748 3689 regnum
777 3640 821 3680 A
855 3641 902 3689 13
934 3651 1128 3690 regnum
1160 3640 1202 3680 A
1233 3636 1296 3681 ’2.
1330 3639 1364 3680 Ο
1397 3637 1458 3680 ’1.
1489 3643 1565 3682 cib.
1601 3639 1644 3682 5.
1672 3641 1711 3681 Ε
1748 3643 1789 3682 1.
1818 3641 1871 3682 F.
1906 3638 1961 3680 G.
1993 3639 2035 3678 Η
2056 3641 2096 3680 1.
2131 3639 2152 3678 1
2187 3640 2227 3679 1.
2262 3637 2378 3687 283

128 3710 325 3749 regnum
357 3703 408 3740 ut
437 3701 532 3741 iam
563 3699 766 3739 (fiximus
797 3699 835 3738 Ε
871 3701 910 3738 1.
1032 3696 1078 3750 ο)
1113 3698 1405 3740 chlotharius
1435 3699 1476 3740 A
1511 3701 1553 3742 2.
1585 3701 1629 3741 4.
1664 3698 1699 3741 Ο
1733 3702 1773 3742 1.
1810 3698 1850 3740 G
1885 3701 1932 3748 13
1966 3697 2228 3740 clotharius
2260 3695 2301 3735 A
2333 3696 2375 3738 3.

129 3760 170 3798 D
203 3756 296 3799 Ἔα..
329 3760 370 3800 3.
405 3758 450 3801 5.
499 3757 541 3798 G
573 3759 614 3800 3.
645 3758 689 3799 4.
723 3757 854 3799 διδ.
887 3758 932 3798 H
965 3760 1013 3808 13
1063 3758 1376 3799 chlottharius
1407 3759 1446 3798 E
1481 3760 1529 3808 13
1572 3758 1897 3800 Chlodtharius
1943 3758 1979 3797 F
2015 3759 2063 3806 13
2110 3755 2379 3796 Hlotharius

131 3816 170 3857 G
202 3818 256 3867 23
291 3818 540 3859 Letharius
569 3827 898 3866 nonnumquam
928 3816 963 3858 Ο
983 3818 1023 3857 1.
1054 3817 1096 3856 D
1116 3817 1156 3857 2.
1192 3818 1234 3860 3.
1353 3813 1403 3867 p)
1437 3817 1799 3858 Ohlodsuindam
1829 3817 1866 3856 F
1886 3819 1926 3856 1.
1961 3815 2027 3864 G3
2060 3814 2379 3856 chlotsuidam

128 3875 164 3918 Ο
195 3874 270 3928 ⁸13
319 3877 528 3919 Chloths.
577 3875 612 3917 Ο
647 3879 696 3924 13
745 3875 887 3917 Clota.
935 3876 977 3916 A
1010 3872 1070 3917 ’3.
1103 3876 1146 3916 D
1180 3878 1230 3925 13
1280 3874 1580 3916 Clotfundam
1609 3877 1654 3916 Η
1686 3879 1727 3920 1.
1877 3873 1924 3926 q)
1960 3875 2023 3914 ita
2068 3874 2111 3913 A
2143 3875 2186 3915 1.
2219 3869 2283 3914 ’2.
2316 3869 2379 3914 ’3.

123 3936 161 3975 E
198 3938 240 3978 1.
273 3937 314 3976 F
348 3938 400 3986 13
443 3935 789 3977 matrimonium
821 3935 958 3976 ceteri.
1077 3931 1117 3985 r)
1150 3944 1246 3975 una
1275 3934 1318 3975 A
1351 3935 1391 3976 1.
1426 3934 1468 3975 G
1501 3937 1544 3978 1.
1659 3934 1701 3987 s)
1734 3933 2069 3985 Alapsuindam
2111 3933 2154 3974 A
2189 3934 2231 3974 1.
2261 3932 2300 3971 B
2335 3931 2381 3972 2.·

125 3995 149 4033 1
181 3997 240 4044 33
276 3995 552 4046 Alpsuidam
584 3993 620 4035 Ο
652 3991 724 4044 '13
755 3993 1061 4035 Albsuindam
1106 3992 1149 4033 A
1182 3994 1224 4034 3.
1273 3992 1307 4034 Ο
1341 3994 1382 4034 2.
1428 3995 1472 4033 D
1507 3996 1547 4035 1.
1583 3995 1623 4046 2,
1670 4000 1708 4034 et
1755 3994 1881 4042 infra
1913 3992 1954 4033 A
1987 3995 2027 4034 1.
2063 3994 2088 4032 2
2139 3991 2221 4044 (hic
2253 3989 2378 4029 etiam

125 4052 482 4106 Albsoindam„
513 4051 769 4104 Alsupdam
798 4053 839 4094 A
871 4053 922 4101 33
954 4051 1227 4094 Alsuindam
1258 4050 1299 4091 A
1333 4053 1373 4095 2.
1405 4053 1448 4094 ⁵.
1481 4053 1520 4092 Ε
1541 4055 1589 4102 1;
1621 4051 1913 4093 Albisindam
1943 4051 1981 4090 F
2002 4053 2043 4093 1.
2078 4048 2118 4090 G
2137 4051 2159 4088 1
2180 4069 2233 4080 -
2253 4048 2295 4087 4.
2313 4044 2377 4087 ⁸5.

122 4113 420 4154 Albi-eidam
449 4115 488 4152 F
508 4114 561 4161 Ως
614 4112 870 4154 Absindam
905 4111 947 4153 G
976 4111 1060 4161 5b;
1107 4110 1383 4153 Albsindam
1432 4110 1568 4162 (3⁶03
1614 4112 1865 4153 Alsundam
1896 4111 1939 4150 H
1960 4112 2009 4159 13
2060 4104 2379 4158 Lapsuindam

127 4173 160 4213 Ο
196 4174 242 4215 1.
279 4194 336 4204 -
368 4183 540 4213 nomen
573 4171 614 4212 G
647 4173 685 4212 1.

126 4267 182 4335 1)
239 4269 376 4322 Vide
416 4285 482 4321 ex
509 4268 697 4335 priore
720 4265 888 4318 Pauli
924 4266 1054 4318 libro
1082 4264 1401 4331 descriptum
1437 4262 1594 4319 Arck.
1621 4265 1690 4330 X,
1723 4283 1779 4330 p.
1808 4265 1909 4314 331
1940 4279 2018 4327 sq.
2130 4259 2188 4328 2)
2226 4257 2378 4310 Haec

121 4358 186 4393 ex
216 4341 370 4410 Oriy.
505 4343 565 4409 3)
592 4341 739 4392 Huic
759 4339 997 4392 Nicetius
1028 4338 1354 4392 Treviremis
1375 4339 1647 4405 epistolam
1666 4335 1888 4404 scripsit,
1921 4332 2117 4387 editam
2136 4333 2381 4397 Bouquet

118 4413 230 4481 IV,
261 4432 334 4484 p.
361 4417 450 4470 76.
603 4412 665 4481 4)
704 4413 856 4468 Haec
894 4411 1149 4508 extoriq.
