2984 4917
444 405 665 456 PAULI
704 406 1054 460 HISTORIA
1092 409 1769 461 LANGOBARDORUM.
1845 407 1990 457 LIB.
2031 407 2138 457 111.
2328 406 2430 454 115

190 569 269 632 ad
312 569 591 636 Grallias²³¹
636 573 988 639 deliberant
1028 576 1279 640 redireb
1296 625 1313 658 ,
1360 576 1604 640 scilicet
1646 586 1717 641 ut
1759 599 1798 640 a
1843 575 2238 660 Sigisperto⁰
2281 597 2432 659 rege

195 656 527 742 suscepti1‚
574 659 709 722 eius
746 660 1039 744 possintd
1083 660 1409 724 adiutorio
1446 659 1530 723 ad
1617 661 1846 723 atriam
1888 682 2192 724 remeare.
2279 657 2430 722 Oer-

194 747 358 801 tum²
404 750 501 804 est
536 752 771 824 autem,
816 744 932 807 hos
951 755 975 785 0
1023 742 1313 809 Saxones
1343 744 1488 808 ideo
1535 765 1572 806 a
1645 743 1898 809 Italiam
1941 766 2090 808 cum
2119 743 2430 808 uxoribus

194 831 251 884 et
268 823 549 908 parvulis
572 825 911 890 advenisse
931 877 947 909 ,
977 837 1049 890 ut
1076 829 1143 891 in
1174 849 1250 892 ea
1270 828 1559 892 habitare
1582 826 1954 892 deberentf·
1986 828 2098 912 sed
2165 839 2431 894 uantum

194 904 373 969 datur
413 908 718 994 intellegi,
762 910 1103 976 noluerunt
1128 910 1708 997 Langobardorum
1751 912 2036 997 imperiis
2077 851 2430 978 siibiacere.

195 989 317 1053 Sed
358 1015 569 1078 neque
614 996 705 1058 eis
749 1018 789 1058 a
817 994 1264 1080 Langobardis
1308 995 1696 1081 permissum
1740 1007 1836 1060 est
1877 997 1944 1058 in
1987 998 2248 1083 proprio
2291 999 2429 1062 iure

190 1075 544 1159 subsistere,
588 1077 862 1164 ideoque
891 1080 1351 1144 aestimantur&
1394 1079 1477 1143 ad
1515 1101 1698 1143 suam
1726 1081 2000 1165 patriam
2029 1081 2369 1166 repedasse
2381 1083 2430 1144 ¹¹.

191 1161 274 1224 Hi
316 1160 560 1224 Gallias
619 1162 989 1247 ingressuri,
1049 1163 1208 1227 duos
1269 1187 1352 1227 ex
1410 1186 1477 1227 se
1539 1185 1776 1228 cuneos
1828 1163 2100 1246 faciunt3
2161 1175 2224 1230 et
2266 1187 2430 1229 unus

194 1245 441 1330 quidem
487 1268 729 1310 cuneus
806 1271 875 1311 er
902 1247 1169 1312 Niceam
1200 1248 1443 1328 urbem,
1490 1246 1648 1311 alter
1681 1270 1833 1312 vero
1864 1271 1981 1333 per
2006 1248 2430 1313 Ebredunum

193 1330 511 1414 ingressus
557 1340 672 1411 est,
716 1332 735 1392 i
785 1354 825 1395 a
865 1340 1189 1396 revertens
1233 1332 1359 1414 via,
1407 1353 1602 1418 quam
1630 1353 1796 1395 anno
1851 1333 2205 1417 superiorei
2250 1344 2428 1398 tenu-

190 1422 332 1477 erat.
404 1414 517 1497 Hi,
554 1415 705 1499 quia
734 1425 987 1501 tempus
1016 1417 1323 1480 messium
1354 1426 1508 1497 erat,
1554 1415 1924 1500 colligentes
1953 1438 2032 1480 ac
2059 1417 2426 1482 triturantes

187 1497 514 1581 frumenta,
560 1498 982 1564 comedebant
1024 1511 1139 1563 ac8
1187 1501 1320 1563 suis
1350 1499 1780 1564 animantibus
1824 1499 1909 1563 ad
1949 1522 2127 1565 esum
2165 1501 2427 1585 praebe-

185 1579 344 1646 bant.
401 1582 985 1668 Depraedabantur
1074 1585 1315 1666 ecorak,
1359 1583 1473 1648 sed
1515 1605 1635 1648 nec
1676 1582 1759 1647 ab
1800 1584 2112 1648 incendiis
2153 1583 2427 1650 abstine-

187 1665 348 1729 bant.
424 1667 555 1746 Qui
598 1688 745 1729 cum
788 1667 872 1730 ad
900 1669 996 1731 Ro
1045 1689 1239 1731 anum
1283 1689 1538 1732 amnem
1581 1668 2038 1753 pervenissent,
2085 1678 2173 1750 ut,
2217 1679 2422 1733 trans-

186 1761 382 1814 meato
430 1773 528 1832 e0,
585 1773 783 1836 regno
829 1775 896 1816 se
944 1753 1283 1851 Sigisperti
1329 1752 1705 1835 conferrent,
1762 1753 2041 1816 occurrit
2083 1754 2174 1816 eis
2216 1754 2426 1817 Mum-

184 1834 381 1898 mulus
434 1847 629 1898 cum⁴¹=
686 1834 902 1899 valida
959 1835 1388 1901 multitudine.
1474 1836 1662 1900 Tunc
1716 1835 1807 1898 illi
1862 1835 2083 1899 valde¹
2150 1837 2290 1901 viso
2349 1860 2425 1902 eo

185 1919 490 2000 timenteS,
533 1918 699 1984 datis
729 1941 847 2004 pro
878 1919 1319 2006 redemptione
1349 1942 1465 1984 sua
1494 1920 1712 1985 multis
1741 1921 1883 1983 auri
1910 1921 2423 2001 numismatibuS,

183 2001 557 2066 Rodanumm
586 2004 854 2067 transire
932 2005 1179 2068 ermissi
1209 2013 1376 2068 sunt.
1436 2005 1622 2084 Quin·
1641 2015 1664 2050 ⁵
1697 2004 1852 2068 dum
1881 2002 1964 2066 ad
1997 2003 2425 2091 Sigispertum

182 2107 386 2171 regem
431 2098 731 2172 pergunt,
777 2027 1011 2152 multos
1053 2090 1122 2151 in
1150 2089 1376 2152 itinere
1405 2089 1838 2173 negotiatione
1869 2108 1985 2150 sua
2013 2086 2422 2175 deceperunt,

180 2171 610 2235 venundantes
653 2171 907 2256 regulas
949 2173 1143 2252 aeris,
1203 2194 1369 2257 quae
1413 2173 1530 2253 ita,
1590 2173 1810 2236 nescio
1855 2171 2197 2256 quomodO,
2243 2185 2424 2236 erant

182 2253 509 2337 coloratae,
552 2266 625 2319 ut
666 2256 806 2319 auri
836 2256 1091 2343 probati
1120 2263 1311 2341 atque
1342 2255 1690 2318 examinati
1720 2257 2000 2341 speciem
2031 2255 2421 2320 simularent.

179 2337 353 2404 Unde
416 2337 711 2402 nonnulli
774 2338 939 2403 hoc⁰
1006 2338 1150 2403 dolo
1218 2340 1498 2420 seducti,
1566 2339 1789 2403 dantes
1853 2359 2082 2401 aurum
2147 2349 2210 2404 et
2272 2354 2420 2404 aesP

174 2423 547 2508 accipientes
563 2471 580 2505 ,
640 2445 955 2509 pauperes
1011 2433 1160 2487 sunt
1212 2424 1438 2488 effecti.
1524 2423 1978 2488 Pervenientes
2019 2431 2233 2491 tamen
2251 2439 2280 2480 (Ι
2321 2426 2406 2490 ad

173 2526 375 2654 regiam
438 2506 899 2605 Sigispertum,
972 2508 1056 2572 ad
1113 2507 1328 2571 locum
1389 2506 1558 2571 unde
1613 2507 1792 2593 prius
1851 2509 2095 2591 egressi
2154 2508 2407 2574 fuerant

176 2610 235 2652 re

332 2615 367 2656 e
409 2592 711 2677 permlssi
752 2599 902 2656 sunt
920 2603 963 2654 θ.

336 2677 393 2740 7.
488 2675 789 2755 Quidum
814 2675 897 2739 ad
920 2696 1103 2740 suam
1120 2688 1143 2718 ¹·
1171 2677 1447 2761 patriam
1467 2676 1811 2757 venissent,
1840 2676 2239 2759 invenerunt,
2271 2699 2414 2741 eam

180 2756 290 2819 ads
327 2759 597 2824 Suavist
640 2770 706 2824 et
746 2758 886 2823 aliis
925 2758 1244 2844 gentibus,
1290 2761 1459 2824 sicut
1486 2781 1683 2845 supra
1713 2763 2354 2826 commemoravimus
2375 2775 2417 2843 ⁷,

182 2843 446 2908 retineri.
514 2843 791 2908 Contra⁸
826 2866 988 2943 quos
1018 2844 1443 2928 insurgentes,
1474 2845 1689 2908 conati
1719 2853 1866 2908 sunt
1894 2866 2002 2908 eos
2033 2845 2418 2910 extrudereu

180 2946 249 2988 ac
301 2927 533 2992 delere.
621 2929 711 2992 At
766 2927 899 2991 1111ν
957 2927 1323 3014 optulerunt
1376 2929 1467 2991 eis
1524 2928 1774 2992 tertiam
1828 2939 2079 3013 partem
2121 2931 2420 3015 regionis,

178 3008 481 3076 dicentes:
546 3011 775 3075 ‘Simul
839 3034 1179 3096 possumus
1234 3013 1451 3075 vivere
1510 3021 1575 3075 et
1631 3013 1767 3075 sine
1832 3011 2180 3078 conlisione
2249 3035 2418 3076 eom-

178 3095 443 3160 muniter
461 3107 484 3142 ⁹
527 3095 853 3161 habitare'.
950 3095 1117 3160 Cum
1165 3119 1247 3159 ue
1288 3093 1437 3157 illiw
1479 3093 1651 3157 nullo
1682 3094 1874 3158 modo
1914 3096 2418 3180 adquiescerent,

180 3175 397 3244 dehinc
444 3178 812 3265 optulerunt
854 3180 945 3244 eis
964 3192 995 3221 ¹
1038 3201 1139 3242 me
1187 3179 1476 3261 ietatem3
1535 3187 1684 3262 post
1739 3177 1898 3242 haec
1955 3178 2116 3242 duas
2172 3189 2416 3263 partes,

182 3367 221 3420 a)
250 3369 402 3411 Gallia
436 3370 478 3412 G
512 3372 552 3409 1.
672 3368 721 3422 b)
753 3371 914 3412 venire
947 3371 983 3411 C
1018 3371 1057 3411 1.
1180 3367 1221 3420 c)
1257 3369 1425 3418 Sigisb.
1462 3368 1498 3410 C
1531 3370 1572 3409 1.
1607 3368 1648 3409 G
1680 3371 1720 3419 1,
1767 3379 1880 3408 corr.
1917 3367 2062 3417 Sigib.
2097 3367 2139 3410 G
2169 3370 2220 3418 25
2265 3368 2414 3419 Sigip.

184 3427 220 3467 G
249 3430 297 3479 33
344 3429 492 3479 Sigib.
539 3431 602 3468 vel
647 3429 801 3477 sigeb.
851 3429 894 3468 D
928 3430 970 3468 2.
1004 3429 1045 3480 3,
1092 3429 1187 3472 alii.
1336 3427 1383 3480 d)
1416 3431 1608 3478 possent
1651 3429 1689 3467 B
1725 3430 1766 3468 1.
1920 3427 1964 3478 e)
1995 3428 2258 3468 hosaxones
2303 3430 2342 3468 F
2374 3431 2415 3470 1.

180 3485 212 3536 f)
244 3489 429 3531 deberet
472 3490 510 3528 F
542 3491 583 3530 1.
621 3488 663 3529 G
695 3491 745 3538 13'
794 3489 963 3528 debere
998 3487 1038 3528 G
1070 3489 1111 3529 3.
1265 3485 1312 3538 g)
1343 3489 1627 3527 extimantur
1669 3486 1712 3526 A
1746 3489 1786 3526 1.
1835 3488 1874 3526 F
1907 3489 1958 3536 13
2003 3487 2330 3528 existimantur
2362 3488 2416 3528 G.

182 3543 225 3596 h)
255 3550 553 3599 repedassent
581 3549 618 3588 F
652 3549 692 3587 1.
829 3545 864 3599 i)
897 3547 1128 3597 superiori
1160 3547 1195 3588 O
1228 3548 1268 3586 1.
1304 3545 1345 3587 G
1377 3547 1418 3588 3.
1452 3568 1505 3576 —
1553 3549 1806 3588 tenuerunt
1835 3545 1876 3585 A
1909 3547 1962 3596 ὃς
2007 3550 2256 3588 tenuerant
2287 3547 2323 3588 G
2355 3544 2418 3588 ·1.

183 3601 227 3654 k)
255 3618 447 3658 corpora
478 3606 577 3648 Gl.
610 3607 652 3647 2.
687 3607 820 3648 5b.c.
915 3605 951 3656 1)
985 3606 1098 3646 deest
1130 3602 1241 3648 ΟἿ.
1274 3607 1327 3648 F.
1362 3605 1427 3656 G3
1458 3605 1559 3645 viso
1592 3615 1649 3645 eo
1679 3605 1821 3648 valde
1853 3606 1947 3647 01.
2041 3603 2106 3658 m)
2139 3607 2249 3646 deest
2278 3607 2333 3648 F.
2362 3606 2418 3648 G.

180 3662 224 3713 n)
255 3667 341 3713 Qui
376 3689 428 3697 -—-
460 3666 677 3716 permissi
708 3668 815 3706 sunt
844 3665 929 3706 dee.
965 3665 999 3706 G
1020 3666 1061 3705 2.
1154 3661 1199 3716 ο)
1234 3665 1350 3705 ohoe
1379 3665 1416 3704 F
1435 3666 1485 3714 13
1519 3665 1666 3704 obhoc
1701 3664 1738 3705 G
1758 3666 1798 3705 1.
1819 3665 1861 3706 2.
1878 3667 1920 3706 3.
1953 3665 2038 3704 13.
2127 3663 2177 3717 p)
2196 3669 2294 3706 ates
2316 3665 2416 3706 As.

179 3720 221 3772 q)
250 3726 435 3766 tandem
466 3727 509 3765 D
542 3727 585 3765 2.
621 3726 663 3766 3.
786 3723 826 3776 r)
858 3725 969 3764 decet
1000 3725 1035 3764 F
1065 3726 1105 3766 1.
1228 3721 1268 3774 s)
1300 3725 1363 3763 ita
1396 3723 1435 3763 A
1455 3725 1497 3763 1.
1531 3719 1591 3762 ⁸2.
1626 3724 1668 3766 2.
1698 3724 1737 3762 F
1770 3724 1821 3773 13
1855 3733 1884 3763 a.
1913 3725 2052 3766 ceteri.
2169 3723 2207 3776 t)
2241 3725 2419 3765 Suaevis

177 3781 210 3820 B
242 3784 281 3826 1.
312 3784 347 3825 O
381 3788 404 3825 1
436 3786 625 3834 saepius.
748 3781 795 3834 u)
828 3784 1063 3824 destruere
1096 3783 1147 3824 C.
1180 3783 1238 3824 D.
1271 3784 1316 3822 H
1346 3786 1386 3824 1.
1420 3783 1444 3822 1
1477 3784 1527 3831 13
1561 3782 1822 3824 instrudere
1856 3782 1962 3832 G13
1995 3785 2270 3834 impugnare
2305 3783 2418 3832 G2;

180 3844 433 3886 extruderet
464 3854 493 3882 a
524 3844 679 3884 delere
709 3844 746 3882 F
780 3845 820 3884 1.
922 3841 969 3894 v)
1003 3842 1098 3882 illis
1130 3843 1166 3881 F
1200 3845 1240 3883 1.
1348 3840 1409 3893 w)
1438 3842 1552 3881 deest
1583 3842 1634 3881 F.
1670 3840 1732 3892 G3
1764 3853 1868 3882 cum
1897 3843 1986 3881 hoc
2020 3841 2061 3883 G
2092 3843 2160 3884 50.
2266 3839 2316 3894 x)
2351 3843 2418 3882 eis

180 3898 336 3942 dehinc
366 3914 427 3944 m.
459 3904 497 3943 B
534 3905 574 3945 1.
594 3923 645 3932 —
666 3902 915 3944 medietate
946 3903 982 3940 F
1018 3903 1057 3942 1.

186 4064 236 4131 1)
275 4067 501 4121 Collecti
537 4071 595 4120 in
631 4069 753 4121 loco
788 4069 931 4120 unde
972 4069 1175 4135 egressi
1211 4067 1424 4118 fuerant
1458 4066 1852 4118 stabilerentur.
1883 4066 2038 4134 ἄνερ.
2189 4064 2250 4132 2)
2291 4065 2418 4118 Cer-

183 4143 287 4190 tum
342 4171 410 4180 --
462 4144 539 4194 Hi
596 4143 801 4195 Gallias
863 4142 1157 4208 ingressuri
1210 4139 1420 4192 Paulus
1480 4137 1692 4206 adjecit.
1861 4137 1922 4207 3)
1961 4157 2026 4191 ac
2065 4141 2175 4192 suis
2214 4166 2282 4176 —
2323 4140 2418 4190 ab·

183 4214 440 4266 stinebant
473 4216 683 4268 Paulus
723 4214 931 4285 adjecit.
1079 4213 1139 4281 4)
1174 4229 1294 4264 cum
1332 4231 1385 4265 v.
1426 4229 1495 4263 m.
1524 4212 1752 4266 Paulus.
1905 4210 1966 4279 ὅ)
2005 4214 2107 4276 Qui
2144 4240 2219 4250 -
2258 4212 2418 4264 dece-

170 4294 361 4350 perunt
413 4288 643 4341 Paulus.
829 4287 888 4356 6)
926 4291 983 4340 in
1021 4288 1141 4340 loco
1204 4313 1267 4324 -·
1328 4292 1451 4339 sunt
1507 4286 1733 4338 stabiliti
1791 4285 1948 4353 Grey.
2141 4287 2194 4352 7)
2235 4285 2319 4349 II,
2363 4287 2415 4337 6.

184 4357 235 4421 8)
270 4360 357 4412 Fac
395 4362 548 4430 Grey.
602 4362 662 4427 V,
704 4364 792 4416 15.
945 4360 1005 4430 9)
1046 4367 1101 4414 et
1138 4361 1487 4414 communiter
1525 4359 1768 4411 habitare
1806 4358 2032 4410 Paulus.

1869 4457 1950 4508 8.
