2984 4917
476 374 696 427 PAULI
736 376 1084 429 HISTORIA
1121 375 1793 431 LANGOBARDORUM.
1872 380 2015 433 LIB.
2054 382 2149 433 VI.
2344 384 2449 433 231

203 544 582 609 Petronaci⁸
614 544 680 606 in
709 544 1001 630 sequenti
1028 552 1318 629 tempore
1349 544 1755 609 sacerdotum
1799 548 2187 633 praecipuus
2218 559 2280 614 et
2307 548 2451 614 Deo

201 626 476 693 dilectus
525 628 814 713 pontifex
863 627 1208 691 Zacharias
1271 626 1460 714 plura
1524 628 1839 693 adiutoria
1904 630 2189 713 contulit,
2256 631 2452 697 libros

202 710 448 776 scilicet
489 721 747 776 sanctae
792 712 916 776 scri
963 720 1144 776 turae
1173 720 1236 776 et
1278 710 1404 775 alia
1446 733 1737 798 quaeque
1782 734 1947 798 quae
1989 714 2074 778 ad
2114 714 2451 781 utilitatem

200 795 575 859 monasterii
603 796 922 880 pertinent
972 819 986 877 3
1031 796 1294 881 insuper
1323 804 1386 860 et
1426 794 1733 881 regulam,
1778 819 1974 895 quam
2016 798 2241 863 beatus
2266 810 2455 898 pater

201 879 597 944 Benedictus
641 881 771 943 suis
814 880 1050 943 sanctis
1097 878 1393 943 manibus
1453 881 1865 967 conscripslt,
1910 892 2175 967 paterna
2214 893 2453 972 pietate

203 963 523 1027 concessit
539 975 583 1025 1.
677 964 1181 1027 Monasteriumc
1243 984 1397 1027 vero
1463 965 1679 1028 beati‘i
1733 965 2055 1030 Vincentii
2120 969 2450 1053 martyris,

203 1046 383 1133 quod
444 1048 630 1111 iuxta
683 1046 1029 1113 .Vulturni⁰
1095 1046 1375 1110 fluminis
1437 1045 1682 1112 fontem
1740 1049 1933 1112 situm
1984 1058 2108 1131 est,
2164 1060 2227 1115 et
2278 1072 2450 1115 nunc

203 1131 482 1215 magnaf
535 1132 1030 1216 congregatione
1079 1130 1370 1215 refulget,
1421 1152 1461 1194 a
1512 1131 1716 1196 tribus
1758 1131 2082 1198 nobilibus
2122 1133 2449 1216 frain-ibuS,

203 1214 328 1279 hoc
376 1224 476 1279 est
543 1216 706 1279 Tato
725 1227 773 1297 8,
818 1216 987 1279 Taso
1033 1223 1096 1278 et
1142 1214 1389 1303 Paldo],
1433 1214 1563 1278 iam
1605 1223 1760 1279 tunc
1810 1216 2237 1301 aedificatum,
2290 1219 2455 1283 sicut

201 1299 326 1362 viri
385 1320 499 1363 eru
545 1299 798 1363 itissimi
861 1298 1204 1384 Autperti¹¹
1278 1297 1566 1363 eiusdem
1638 1301 2008 1366 monasterii
2065 1299 2317 1367 abbatis
2385 1303 2453 1365 in

199 1382 547 1465 volumine,
591 1382 764 1468 quod
807 1383 889 1448 de
946 1382 1067 1446 hac
1124 1404 1194 1446 re
1253 1383 1627 1467 conposuit,
1688 1384 1929 1469 scripta
1982 1385 2386 1470 significanti·
2404 1397 2447 1448 ².

203 1466 608 1553 Superstitek
649 1489 800 1531 sane
843 1465 1052 1531 adhuc
1093 1467 1279 1532 beato
1322 1487 1408 1551 pa
1456 1488 1495 1528 a
1526 1465 1839 1552 Gregorio
1883 1468 2211 1533 Romanae
2254 1468 2443 1547 sedis,
2468 1498 2642 1548 mna.

199 1550 572 1616 Cumanum
582 1550 614 1593 ¹·
633 1562 657 1597 ³
687 1561 970 1617 castrum
999 1572 1038 1614 a
1065 1490 1511 1635 Langobarfiis
1540 1550 2063 1616 Beneventanism
2107 1574 2448 1637 pervasum

193 1646 334 1717 ·est;
379 1632 493 1699 sed
536 1646 613 1696 an
669 1635 832 1700 duce
882 1632 1343 1721 Neapolitano⁰
1405 1644 1602 1698 noctu
1644 1637 2129 1721 superveniente
2181 1636 2445 1722 quidam

199 1739 290 1784 ex
317 1718 760 1804 Langobardis
791 1719 982 1805 capti,
1029 1718 1292 1817 quidam
1332 1719 1649 1803 perempti
1692 1728 1856 1783 sunt.
1946 1718 2239 1784 Castrum
2298 1742 2452 1807 quo-

204 1824 334 1889 que
408 1804 622 1889 ipsum
697 1824 738 1865 a
794 1803 1098 1867 Romams
1165 1812 1262 1866 est
1323 1811 1676 1887 receptum.
1774 1804 1901 1867 Pro
1967 1807 2148 1869 cuius
2214 1805 2449 1868 castri?

193 1886 709 1972 redemptionem
727 1898 756 1939 ‘1
785 1886 1076 1972 pontifex
1106 1887 1511 1971 septuaginta
1536 1884 1732 1951 libras
1762 1888 1924 1969 auri,
1966 1888 2132 1952 sicut
2158 1888 2452 1973 primitus

199 1972 604 2057 promiserat,
649 1969 843 2034 dedit.
1640 2022 1675 2049 ‚

373 2056 478 2117 41.
562 2055 738 2117 Inter
777 2052 940 2118 haec
981 2053 1278 2118 defuncto
1319 2054 1703 2139 imperatore
1741 2052 2123 2133 TheodosiO,
2168 2054 2280 2139 qui
2325 2073 2448 2118 uno
2468 2078 2569 2117 ιιι.

203 2138 607 2203 solummodo
649 2139 1030 2223 imperium?
1071 2146 1324 2202 rexerat
1365 2158 1553 2219 ann0,
1607 2138 1742 2201 eius
1784 2138 1853 2199 in
1893 2135 2034 2201 loco
2076 2137 2209 2200 Leo
2252 2158 2449 2222 augu-

197 2233 346 2288 stus
391 2221 775 2307 subrogatur
788 2231 887 2285 Μ.

374 2307 513 2371 42.ι
597 2310 776 2391 Aput
836 2306 1228 2370 Francorum
1348 2324 1560 2389 uoque
1636 2313 1894 2388 gentem
1958 2304 2232 2389 Pipinou
2314 2304 2449 2368 vita
2467 2329 2569 2369 ιιι.

201 2398 544 2476 ‘exempt0,
589 2391 726 2453 eius
767 2388 936 2453 filius
979 2386 1267 2470 Carolus„
1357 2411 1392 2452 e
1437 2408 1565 2472 quo
1610 2389 2141 2473 praemiseramus
2154 2398 2199 2430 v.
2214 2398 2257 2470 ⁵,
2303 2385 2450 2451 licet

205 2497 328 2561 per
383 2471 583 2537 multa
632 2472 798 2538 bella
856 2482 919 2537 et
972 2473 1349 2553 certamina,
1395 2470 1475 2535 de
1520 2491 1715 2535 manu
1756 2470 2169 2557 Reginfridiw
2211 2471 2447 2558 princi-

201 2566 432 2645 patum
477 2556 746 2622 sustulit.
819 2556 987 2621 Nam
1031 2576 1179 2619 cum
1208 2556 1277 2618 in
1320 2553 1612 2619 custodia
1650 2564 1989 2637 teneretur,
2031 2555 2253 2620 divino
2294 2563 2457 2619 nutu

197 2652 464 2729 ereptus
508 2640 755 2727 aufugit
773 2650 816 2723 ⁰,
861 2662 936 2704 ac
977 2642 1261 2725 primum
1305 2648 1528 2703 contra
1554 2639 2004 2724 Raginfridum
2035 2656 2182 2703 cum
2224 2639 2449 2725 paucis

213 2786 261 2839 a)
293 2786 542 2827 Petranaci
571 2786 609 2824 F
644 2787 695 2833 13
726 2785 1003 2825 Petronacio
1038 2784 1080 2825 G
1113 2785 1157 2824 3.
1188 2786 1230 2825 4.
1353 2782 1401 2836 b)
1434 2785 1639 2834 pertinet
1672 2783 1713 2824 G
1734 2786 1774 2825 1.
1812 2786 1851 2824 2.
1974 2783 2016 2835 c)
2049 2796 2209 2825 novum
2238 2786 2325 2827 inc.
2356 2795 2454 2833 cap.

211 2844 384 2899 (XLII)
413 2844 454 2885 A
486 2842 548 2897 ⁸3,
581 2842 794 2897 (xmnl)
821 2845 858 2883 1⁴*
892 2845 932 2887 1.
1070 2840 1116 2893 d)
1150 2844 1298 2883 sancti
1327 2844 1382 2884 Ε.
1414 2844 1467 2883 Γ.
1504 2843 1560 2886 G.
1593 2844 1617 2883 1
1648 2844 1689 2884 2.
1725 2864 1779 2873 -
1812 2838 2051 2885 Vincentia
2082 2846 2119 2884 F
2154 2846 2204 2894 13
2237 2844 2455 2888 Vincenti

212 2906 256 2946 G
289 2905 420 2945 1-4.
551 2902 595 2954 e)
626 2904 846 2943 Bulturni
877 2904 914 2942 F
949 2903 990 2943 1.
1125 2900 1161 2953 f)
1195 2912 1412 2951 magnam
1443 2903 1853 2951 congregationem
1888 2902 1929 2943 G
1961 2903 2002 2943 3.
2036 2924 2090 2933 -
2126 2904 2315 2952 refulgit
2342 2904 2381 2943 F
2416 2904 2455 2941 1.

212 2964 256 3006 G
275 2964 408 3007 1—4.
525 2960 571 3013 g)
604 2962 666 3000 ita
698 2964 736 3003 A
755 2963 794 3003 3.
809 2962 838 3001 4
868 2962 1069 3000 lacunam
1099 2961 1146 3001 in
1177 2962 1418 3013 archetypo,
1448 2966 1497 3000 ut
1528 2962 1709 3012 videtur,
1740 2962 1929 3001 relictam
1958 2963 2125 3011 aptare
2153 2963 2299 3002 conati
2328 2964 2455 3009 sunu

209 3023 410 3063 similiter
438 3023 475 3061 F
510 3022 564 3061 2:
611 3021 818 3061 'russone
852 3020 1028 3060 Catone
1061 3024 1106 3059 et
1136 3021 1276 3069 *Γαῖος
1322 3020 1360 3058 L
1396 3021 1446 3059 1:
1481 3022 1660 3059 Tamne
1692 3023 1738 3059 et
1772 3021 1980 3060 'ressone
2012 3025 2059 3061 et
2088 3021 2325 3068 Paldone3
2356 3021 2460 3059 haec

209 3084 306 3122 dee.
336 3086 431 3121 cett.
464 3102 516 3113 -
552 3083 623 3119 est
654 3092 735 3119 om.
767 3080 812 3119 Η
847 3082 885 3129 1,
917 3079 996 3118 del.
1030 3079 1066 3118 F
1102 3080 1140 3117 1.
1176 3100 1228 3109 —
1261 3080 1316 3121 fr.
1349 3088 1452 3119 esse
1483 3079 1517 3117 i.
1546 3080 1589 3117 D
1609 3080 1648 3119 2.
1681 3078 1733 3127 35
1764 3078 1851 3117 hoc
1882 3082 1921 3116 et
1950 3078 2044 3117 iam
2075 3081 2186 3118 tunc
2217 3080 2303 3117 des.
2335 3078 2372 3117 P
2411 3078 2455 3116 5.

215 3165 270 3173 —
303 3139 488 3181 edificat
517 3140 554 3178 F
589 3142 629 3179 1.
664 3138 705 3179 G
739 3140 811 3178 1-—
824 3138 865 3178 3.
1001 3136 1050 3189 h)
1083 3137 1276 3186 Auperti
1307 3138 1343 3176 F
1378 3138 1426 3186 13
1472 3135 1685 3176 Autberti
1717 3136 1767 3177 C.
1800 3138 1857 3175 D.
1891 3136 1914 3175 1
1948 3138 1988 3187 1,
2020 3137 2116 3179 alii.
2248 3134 2283 3185 i)
2312 3136 2455 3183 signi·

210 3201 323 3241 fient
355 3198 396 3239 G
429 3202 469 3239 1.
506 3199 552 3247 23
586 3197 848 3246 significant
877 3207 898 3235 e
929 3207 1043 3241 corr.
1075 3196 1110 3235 F
1145 3197 1184 3236 1.
1321 3193 1370 3245 k)
1403 3206 1563 3235 novum
1592 3196 1676 3235 inc.
1707 3205 1803 3243 cap.
1833 3192 1989 3246 (XLV)
2020 3196 2057 3234 F
2092 3197 2149 3242 1.,
2254 3192 2289 3245 1)
2324 3194 2459 3234 Oum-

210 3268 435 3307 megnum
463 3258 502 3297 F
536 3258 572 3296 1.
609 3256 650 3297 G
684 3257 808 3297 1-4,
842 3255 910 3295 50.
1032 3252 1095 3306 m)
1127 3254 1301 3295 Penev.
1334 3255 1370 3294 F
1406 3256 1446 3294 1.
1570 3252 1619 3306 n)
1654 3254 1711 3293 ad
1742 3252 1783 3293 A
1817 3254 1861 3293 2.
1892 3253 1927 3294 G
1963 3255 2003 3293 1.
2038 3253 2138 3293 Ga.
2262 3252 2307 3305 o)
2339 3252 2457 3292 Neo.-

211 3318 414 3369 politino
461 3314 504 3356 G
534 3316 575 3357 3.
626 3337 678 3346 -
729 3318 889 3355 noctus
933 3314 970 3354 1²·
1006 3315 1044 3356 1.
1193 3310 1242 3365 p)
1277 3314 1438 3353 castris
1485 3314 1526 3353 A
1564 3314 1602 3354 2.
1653 3312 1687 3353 0
1721 3314 1763 3354 1.
1806 3313 1847 3352 D
1880 3313 1920 3351 1.
1951 3313 1989 3351 E
2025 3314 2063 3353 1.
2095 3313 2131 3352 F
2166 3312 2206 3352 1.
2242 3310 2284 3352 G
2318 3311 2458 3359 1—43

211 3378 334 3428 quod
362 3376 410 3415 in
441 3375 666 3425 archetypo
685 3374 832 3423 fuisse
861 3372 1085 3413 verisimile
1115 3376 1190 3415 est.
1341 3372 1389 3422 q)
1421 3373 1484 3411 ita
1531 3373 1571 3412 A
1606 3373 1645 3412 2.
1696 3370 1731 3411 C
1766 3373 1805 3411 1.
1853 3371 1895 3410 D
1934 3373 1972 3410 1.
2015 3371 2051 3410 F
2085 3372 2124 3411 1.
2161 3369 2203 3410 G
2234 3371 2273 3409 1.
2307 3370 2361 3418 43
2392 3378 2459 3409 re-

213 3435 482 3486 demptione
511 3434 648 3473 cem-i.
699 3456 751 3465 -
796 3433 838 3472 D
873 3434 895 3471 1
929 3432 977 3471 in
1007 3442 1144 3481 mara.
1177 3431 1320 3471 addit.-
1352 3432 1439 3471 Hic
1473 3430 1725 3479 Gregorius
1755 3431 1894 3470 vertit
1922 3428 2222 3469 festivitatem
2252 3428 2460 3467 omniu-m

213 3496 483 3545 martyrum,
514 3504 652 3541 quam
682 3491 952 3532 Bonifacius
985 3492 1224 3541 statuerat,
1253 3491 1305 3529 in
1335 3490 1511 3531 honore
1542 3493 1805 3529 sanctorum
1835 3488 2056 3529 omnium.
2191 3486 2231 3539 r)
2262 3486 2459 3537 imperio

216 3556 258 3595 G
279 3554 323 3595 ³.
354 3553 398 3595 4.
489 3548 530 3600 Β)
563 3551 838 3599 subrogatus
870 3548 971 3590 G2.
1006 3550 1048 3589 3.
1080 3550 1122 3591 4.
1212 3546 1247 3599 t)
1281 3550 1356 3588 hoc
1386 3560 1483 3598 cap.
1516 3560 1598 3591 om.
1628 3548 1728 3589 AB.
1821 3548 1869 3597 u)
1901 3547 2101 3597 Pippino
2132 3548 2209 3587 hoc
2240 3546 2333 3586 loco
2363 3547 2460 3587 ΡΙ.

215 3612 264 3664 v)
296 3611 676 3663 praedixeramus
710 3609 744 3650 C
779 3611 818 3653 1.
852 3610 892 3649 2.
1045 3606 1106 3658 w)
1138 3608 1201 3646 ita
1232 3606 1273 3647 A
1308 3611 1346 3647 1.
1379 3608 1420 3654 3,
1451 3607 1560 3657 alii3
1605 3606 1836 3655 Ragifridi
1865 3605 1906 3646 A
1941 3607 1991 3655 23
2033 3605 2315 3654 Regium-idi
2345 3606 2383 3645 F
2417 3607 2457 3645 1.

218 3672 261 3713 G
297 3672 346 3720 23
391 3669 668 3718 Ragrimfldi
701 3667 744 3708 G
776 3670 826 3717 13
873 3667 1162 3715 Ragimfredi
1205 3667 1244 3707 A
1275 3663 1336 3707 ⁸3.
1382 3666 1424 3707 G
1455 3667 1507 3715 33
1554 3665 1797 3705 Rainfredi
1839 3666 1881 3705 D
1916 3665 1958 3704 2.
2006 3686 2058 3695 -
2109 3664 2373 3714 Baginfridi
2410 3684 2455 3695 -

215 3734 404 3780 ereptus
435 3729 522 3771 des.
541 3728 577 3768 C
595 3730 646 3777 13
675 3728 748 3767 mi
769 3730 924 3777 poma
951 3726 1067 3765 inter
1097 3724 1226 3765 verba
1258 3726 1600 3774 novissimeque
1632 3734 1736 3765 eum
1767 3728 1805 3763 ee
1836 3727 1949 3773 aput
1977 3724 2080 3763 haec
2106 3724 2271 3763 inserta
2300 3728 2418 3765 eunt.
2499 3746 2519 3765 ι

223 3836 282 3901 1)
321 3832 549 3885 Sacrum
585 3830 724 3880 hunc
771 3830 984 3896 regulae
1034 3826 1258 3879 codicem
1311 3844 1453 3877 anno
1494 3826 1618 3877 896.
1671 3823 1911 3876 incendio
1963 3833 2246 3876 crematum
2279 3824 2460 3889 fuisse

215 3924 336 3959 cum
377 3902 635 3957 Teanemi
670 3903 1003 3965 monasterio,
1046 3909 1228 3954 auctor
1265 3909 1342 3951 est
1367 3900 1474 3953 Leo
1516 3899 1607 3951 lib.
1634 3898 1682 3962 I,
1721 3914 1837 3964 cap.
1866 3898 1957 3949 48.
2033 3897 2246 3949 Nucem
2283 3905 2456 3946 tamen

208 3985 534 4049 postremum
573 3974 696 4027 libri
741 3985 900 4041 caput
939 3976 1006 4026 ab
1056 3975 1176 4042 ique
1226 3980 1493 4026 servatum
1543 3973 1601 4023 i‘n
1652 3988 1747 4022 suo
1800 3970 2100 4023 Oassinemi
2146 3968 2459 4021 monasterio

217 4052 597 4123 qratulabatur
636 4049 737 4101 Nr.
765 4050 890 4100 497.
956 4049 1049 4102 BI.
1201 4045 1259 4113 2)
1297 4046 1531 4097 Haecin
1568 4045 1743 4096 chron.
1783 4044 2129 4096 Vulturneme
2156 4060 2191 4093 a
2214 4041 2460 4091 Iohanne

218 4129 430 4193 recepta
467 4128 607 4175 sunt.
775 4120 836 4189 3)
874 4120 1025 4173 Haec
1063 4136 1126 4172 ex
1185 4119 1248 4171 G.
1297 4128 1448 4185 pont.
1509 4117 1667 4186 Grey.
1726 4116 1807 4178 II,
1867 4117 1961 4168 sed
1997 4116 2167 4167 verbis
2223 4113 2458 4175 mutatis,

221 4198 490 4265 descripta
526 4204 667 4247 sunt.
854 4193 913 4261 4)
951 4194 1038 4245 Ex
1076 4194 1245 4245 Beda.
1323 4194 1392 4243 At
1447 4210 1556 4244 ‘non
1610 4190 1877 4257 defuncto,
1936 4197 1994 4239 ut
2048 4189 2185 4239 male
2248 4186 2459 4251 scripsit

223 4273 451 4335 Paulus,
491 4269 584 4320 s'ed
610 4267 843 4336 deposito
880 4267 1166 4319 Theodosio
1204 4264 1444 4319 successit
1467 4265 1595 4317 Leo.
1630 4266 1741 4316 BE.
1858 4264 1911 4324 5)
1964 4260 2167 4322 VI‚37.
2268 4259 2328 4325 6)
2371 4256 2457 4309 Si-

219 4346 372 4398 milia
407 4345 464 4395 i‘n
505 4342 685 4396 chron.
724 4340 907 4393 Maias.
935 4358 990 4407 p.
1030 4342 1153 4391 290.
1195 4337 1310 4407 ἶερί,
1350 4337 1536 4391 Jacobi
1569 4356 1623 4404 p.
1664 4338 1753 4389 34.
1793 4333 2013 4387 monuit.
