2984 4917
442 395 662 446 PAULI
701 395 1052 447 HISTORIA
1090 395 1764 450 LANGOBARDORUM.
1838 399 1981 453 LIB.
2024 401 2087 451 V.
2309 402 2409 452 187

155 560 319 645 quia
347 582 416 623 re
466 562 572 624 ina
589 572 615 603 ἃ
655 561 967 648 quaedam
1026 564 1147 627 exb
1191 562 1315 627 alia
1371 565 1704 648 provincia
1751 568 2013 631 veniens
2077 566 2410 632 basilicam

155 644 342 709 beati
451 644 716 709 ohannis
795 646 1113 732 baptistae
1185 650 1254 711 in
1324 647 1898 733 Langobardorum
1962 652 2197 717 finibus
2264 674 2410 716 con-

159 730 434 811 struxit,
502 738 566 792 et
605 740 868 817 propter
909 730 1031 795 hoc
1072 732 1211 829 ipse
1253 732 1478 797 beatus
1520 731 1841 798 Iohannes
1884 757 2001 821 pro
2043 735 2409 821 Langobar-

159 810 398 875 dorum
448 826 638 897 gente
657 828 682 857 ⁰
740 815 1037 879 continue
1094 815 1450 881 intercedit.
1558 818 1790 883 Veniet
1853 829 2068 884 autem
2132 830 2409 905 tempuS,

157 896 428 981 quando
470 898 664 981 ipsud
683 900 710 940 ‘¹
768 898 1094 962 oraculum
1143 898 1483 965 habebitur
1534 901 1884 987 despectui,
1942 913 2007 967 et
2048 914 2200 968 tunc
2250 926 2409 988 gens

153 981 308 1065 ipsa
350 982 588 1065 peribit
605 985 668 1045 θ’.
757 983 950 1063 Quod
991 1005 1107 1047 nos
1151 985 1242 1048 ita
1284 983 1527 1049 factum
1572 987 1750 1050 essef
1795 987 2241 1072 probavimus,
2297 989 2410 1074 qui

155 1075 315 1128 ante
376 1065 954 1152 Langobardorum
1016 1067 1440 1153 perditionem
1511 1070 1780 1135 eandem
1833 1069 2007 1135 beati
2023 1083 2052 1125 g
2104 1071 2407 1136 Iohannis

157 1148 527 1232 basilicam,
585 1173 748 1237 quae
791 1152 1014 1237 utique
1057 1152 1127 1214 in
1167 1151 1308 1216 loco
1355 1154 1466 1238 qui
1508 1153 1790 1217 Modicia
1846 1155 2079 1220 dicitur
2120 1166 2218 1219 est
2263 1177 2410 1220 con-

154 1234 416 1315 stituta,
470 1258 588 1320 per
629 1234 786 1299 viles
830 1257 1134 1320 personas
1181 1235 1460 1300 ordinari
1505 1239 1991 1323 conspeximUS,
2046 1240 2138 1302 ita
2188 1248 2261 1303 ut
2317 1241 2411 1302 in-

164 1316 383 1400 dignis
437 1330 503 1383 et
565 1318 868 1383 adulteris
921 1342 1051 1384 non
1102 1343 1220 1404 pro
1273 1321 1442 1384 vitae
1500 1322 1746 1403 merit0,
1808 1322 1921 1387 sed
1975 1324 2408 1408 praemiorum

155 1399 423 1465 datione
446 1404 495 1484 ¹¹,
539 1402 786 1467 isdemh
829 1401 1009 1467 locus
1053 1403 1434 1469 venerabilis
1477 1404 1832 1491 largiretur.

337 1487 395 1549 7.
480 1488 690 1573 Igitur
720 1509 884 1570 cum,
917 1496 990 1551 ut
1017 1488 1320 1569 diximUS,
1369 1489 1686 1553 Constans
1718 1499 2029 1575 augustus
2060 1490 2407 1555 Tarentum

153 1571 460 1652 venisset,
531 1594 823 1656 egressus
899 1572 1179 1654 exindei,
1253 1574 1855 1638 Beneventanorum
1933 1574 2091 1639 fines
2176 1576 2412 1638 invasit

155 1674 513 1739 omnesque
569 1678 732 1740 pene
790 1678 908 1741 per
967 1678 1126 1741 quas
1185 1666 1450 1721 venerat
1497 1658 2069 1743 Langobardorum
2124 1660 2407 1723 civitates

159 1737 358 1823 cepit.
463 1739 802 1803 Luceriam
822 1741 850 1781 k
918 1762 1202 1838 quoque,
1286 1740 1651 1825 opulentam
1720 1742 1997 1828 Apuliae
2064 1744 2408 1824 civitatem,

159 1831 604 1906 expugnatam
668 1823 894 1887 fortius
937 1824 1247 1888 invadens
1303 1826 1533 1908 diruit,
1580 1826 1694 1889 adl
1754 1825 1959 1890 solum
2016 1849 2219 1912 usque
2264 1848 2407 1915 pro-

159 1908 407 1969 stravit.
515 1907 923 1992 Agerentiam
977 1931 1128 1972 sane
1192 1920 1455 2007 propter
1512 1912 2006 1974 munitissimam
2057 1909 2181 1975 loci
2239 1912 2409 1996 posi-

156 1989 404 2055 tionem
449 2013 677 2076 capere
721 1992 985 2056 minime
1029 2001 1257 2078 potuit,
1343 1993 1601 2059 Deinde
1646 2017 1792 2058 cum
1850 1995 2024 2058 omni
2068 2016 2183 2057 suo
2229 2016 2410 2058 exer-

158 2074 294 2135 citu
324 2074 765 2147 Beneventum
811 2076 1230 2140 circumdedit
1271 2086 1334 2141 et
1385 2100 1526 2140 eam
1582 2078 1991 2143 vehementer
2034 2082 2408 2162 expugnare

160 2159 404 2244 coepit3
461 2159 574 2223 ubi
630 2169 784 2223 tunc
836 2160 1153 2224 Romuald
1169 2174 1216 2242 ¹¹,
1301 2160 1664 2225 Grimualdi
1734 2161 1903 2225 filius
1948 2161 2158 2224 adhuc
2231 2162 2408 2225 iuve-

311 2356 525 2391 suorum
573 2341 919 2392 facultatibus
956 2344 1013 2392 in
1064 2342 1262 2392 honore
1313 2343 1532 2393 Domini
1582 2348 1634 2391 et
1671 2344 1844 2391 sancti
1882 2342 2136 2393 Iohannis
2176 2342 2408 2409 baptiste

311 2415 457 2465 omni
493 2419 732 2480 tempore
771 2416 827 2464 in
866 2415 953 2465 die
992 2416 1288 2465 nativitatis
1327 2432 1422 2467 sue
1463 2416 1616 2465 offert
1654 2414 1725 2465 ad
1762 2416 1934 2481 ipsum
1974 2414 2247 2466 oraculum
2284 2415 2407 2466 loco

311 2488 405 2553 qui
441 2488 497 2536 in
535 2488 808 2538 Modoetia
862 2489 1070 2539 dicitur.
1159 2489 1298 2539 Vere
1347 2495 1527 2539 tamen
1578 2489 1676 2538 tibi
1729 2487 1923 2539 dicturi
1973 2505 2152 2539 sumus
2202 2490 2257 2537 in
2295 2490 2407 2539 Do·
2472 2508 2477 2511 ·

311 2561 492 2610 mino:
545 2562 729 2611 veniet
765 2567 944 2612 autem
983 2570 1194 2628 tempus
1236 2565 1290 2612 et
1329 2562 1460 2625 dies,
1518 2562 1729 2628 quando
1777 2564 1951 2629 ipsum
2001 2578 2163 2629 supra
2207 2578 2407 2612 memo-

311 2639 485 2684 ratum
523 2634 796 2685 oraculum
847 2650 1030 2685 omnes
1069 2636 1392 2686 habitatores
1440 2640 1579 2685 terre
1623 2636 1779 2686 huius
1818 2637 2090 2686 habebunt
2130 2635 2409 2702 despectui

317 2712 371 2757 et
409 2722 592 2757 omnes
645 2710 759 2759 eius
807 2708 1093 2759 facultates
1141 2709 1267 2759 inde
1327 2708 1613 2775 expellent,
1666 2714 1719 2759 et
1774 2710 2001 2760 famulos
2048 2724 2113 2759 ac
2162 2708 2408 2771 famulaS‚

314 2780 408 2846 qui
432 2780 510 2829 ibi
547 2780 774 2831 subiecti
803 2786 942 2843 sunt,
981 2788 1196 2848 propter
1231 2782 1519 2833 facultates
1548 2799 1728 2833 eorum
1757 2798 1885 2848 sepe
1924 2783 2168 2849 affligent
2207 2798 2315 2845 eos,
2357 2786 2412 2831 et

312 2852 637 2917 sacerdotes,
680 2856 769 2920 qui
800 2855 880 2905 ibi
920 2854 1242 2919 deserviunt,
1285 2856 1371 2906 die
1405 2872 1470 2905 ac
1497 2861 1655 2906 nocte
1694 2857 1922 2921 inquieti
1955 2862 2106 2907 erunt
2144 2857 2316 2918 nimis,
2358 2860 2411 2905 et

313 2927 616 2977 auferentur
656 2944 758 2993 que
808 2927 1021 2978 illorum
1070 2935 1209 2979 sunt.
1267 2930 1490 2995 Propter
1536 2930 1636 2978 hec
1678 2928 1901 2979 ducetur
1950 2932 2061 2980 vita
2098 2929 2309 2979 illorum
2354 2928 2411 2977 in

313 2999 687 3052 amaritudine.
738 3001 964 3063 Quando
986 3002 1086 3051 hec
1106 3003 1513 3064 inchoabuntur,
1538 3007 1592 3051 et
1613 3018 1707 3052 vos
1732 3004 1958 3052 cernetis
1984 3003 2083 3052 hec
2107 3002 2237 3064 fieri,
2263 3005 2409 3051 certe

312 3080 442 3124 tunc
465 3074 586 3139 ipsa
609 3072 744 3139 gens
769 3075 966 3140 peribit
993 3091 1110 3124 cum
1141 3076 1384 3125 omnibus
1413 3090 1515 3141 que
1550 3074 1619 3123 ad
1644 3073 1766 3124 illos
1794 3077 2073 3140 pertinent,
2098 3080 2151 3123 et
2194 3074 2412 3123 stabunt

312 3149 370 3197 in
405 3148 782 3213 improperium
839 3148 1084 3199 omnibus
1122 3148 1388 3213 gentibus,
1447 3163 1551 3213 que
1600 3148 1655 3195 in
1710 3148 1933 3197 circuitu
1986 3146 2195 3197 illorum
2235 3145 2409 3197 sunt”.

311 3222 384 3270 Et
423 3220 556 3270 dixit
595 3220 663 3270 ad
697 3237 788 3272 eos
826 3222 1122 3271 solitarius:
1173 3221 1427 3272 ‘Obsecro
1469 3221 1807 3270 clementiam
1846 3225 2093 3283 vestram,
2134 3220 2323 3282 sancti,
2362 3219 2410 3269 si

315 3294 562 3345 conversi
599 3299 720 3344 sunt
757 3294 827 3343 ad
865 3295 1190 3361 superiorem
1241 3295 1650 3360 promissionem
1700 3292 1927 3355 illorum,
1980 3292 2223 3357 nunquid
2259 3293 2408 3341 inve-

309 3367 462 3417 nient
495 3366 941 3431 indulgentiam’?
979 3368 1052 3418 Et
1083 3367 1328 3417 dixerunt
1352 3366 1422 3416 ad
1451 3366 1631 3417 illum:
1672 3368 1827 3427 ‘Scis,
1868 3382 1971 3432 que
2009 3367 2205 3416 veritas
2246 3364 2407 3415 dixit:

313 3440 740 3491 “convertimini
797 3442 867 3491 ad
907 3458 1007 3504 me,
1062 3446 1115 3491 et
1173 3456 1273 3505 ego
1327 3446 1605 3491 convertar
1653 3440 1721 3489 ad
1771 3440 1921 3490 vos'‘.
2012 3438 2222 3489 Eadem
2277 3440 2409 3489 hora
2429 3446 2681 3499 zach.1,3.

311 3529 576 3579 nusquam
617 3520 1042 3580 comparuerunt.
1115 3515 1285 3565 Facto
1314 3519 1490 3564 autem
1520 3530 1693 3577 mane,
1734 3515 1810 3563 ita
1850 3513 2024 3563 eidem
2058 3512 2408 3563 Constantino

313 3592 559 3652 augustO,
599 3591 660 3636 ut
697 3603 858 3654 supra
895 3590 1148 3653 scriptum
1189 3592 1286 3651 est,
1331 3604 1427 3653 per
1465 3588 1705 3638 ordinem
1748 3586 2035 3651 diligenter
2071 3587 2127 3635 in
2166 3586 2409 3636 omnibus

312 3660 589 3711 revelavit.
665 3660 816 3711 Tunc
855 3662 1144 3728 imperator
1179 3660 1535 3711 libentissime
1575 3662 1814 3727 suscepit
1848 3661 2017 3710 verba
2044 3661 2173 3711 eius.
2252 3658 2409 3722 Quod

314 3750 413 3786 nos
451 3735 528 3784 ita
563 3734 767 3784 factum
805 3742 898 3785 etc.

164 3908 210 3961 a)
241 3909 455 3957 reginam
484 3910 521 3948 F
556 3911 595 3949 1.
718 3905 765 3958 b)
799 3916 958 3947 eorum
989 3904 1031 3943 A
1064 3908 1105 3947 3.
1228 3905 1270 3958 c)
1304 3909 1487 3955 gentem
1523 3905 1557 3946 C
1588 3906 1661 3945 4b.
1695 3906 1737 3945 D
1774 3907 1812 3945 1.
1848 3906 1889 3945 9..
1926 3904 1966 3944 G
1998 3905 2040 3943 3.
2072 3905 2115 3944 4.
2156 3926 2207 3934 -
2242 3904 2409 3943 finibus

163 3968 200 4009 C
236 3969 278 4009 1.
315 3988 368 3997 —
402 3969 623 4007 continuo
652 3966 693 4006 A
727 3968 768 4007 2.
919 3963 964 4015 d)
998 3966 1062 4003 ita
1094 3964 1130 4005 C
1163 3961 1224 4005 *1.
1258 3968 1300 4007 1.
1333 3967 1370 4004 F
1404 3968 1444 4007 1.
1479 3966 1531 4005 G.
1565 3964 1725 4014 Neap.;
1758 3965 1881 4003 istud
1911 3964 1952 4003 A
1984 3960 2054 4012 ’33
2086 3964 2236 4013 ipsum
2268 3962 2409 4002 ceteri.

164 4025 208 4079 e)
239 4028 381 4076 periit
409 4027 446 4065 F
481 4028 533 4075 13
564 4028 711 4076 periet
740 4026 777 4064 F
807 4025 848 4064 4.
885 4023 940 4064 G.
975 4024 999 4063 Ι
1032 4025 1070 4063 2.
1191 4022 1229 4075 f)
1261 4026 1370 4063 decet
1402 4024 1443 4064 A
1476 4022 1539 4064 ’3.
1660 4021 1706 4075 g)
1740 4023 1888 4063 sancti
1917 4024 1954 4062 F
1975 4022 2017 4063 4.
2052 4022 2116 4072 (ἒς
2148 4023 2259 4059 deest
2289 4019 2330 4059 A
2365 4020 2407 4060 3.

163 4084 213 4136 h)
248 4086 486 4126 dationem
519 4085 553 4125 C
588 4087 628 4126 1.
665 4108 717 4115 —
749 4083 926 4123 hisdem
957 4078 1078 4124 A'2.
1107 4083 1146 4123 E
1171 4085 1214 4123 1.
1246 4084 1342 4124 1³¹4.
1379 4082 1569 4124 (ΞΗ-4.
1661 4081 1697 4133 i)
1729 4082 1838 4122 inde
1872 4078 1986 4123 (2⁸1.
2023 4084 2063 4123 1.
2154 4077 2203 4131 k)
2236 4079 2412 4119 Lucer-

163 4155 273 4185 nam
304 4145 346 4185 A
381 4146 405 4183 2
439 4144 572 4197 (corr.
603 4139 877 4192 Luceriam).
918 4142 956 4181 B
976 4145 1016 4183 1.
1039 4143 1109 4183 la.
1131 4143 1170 4183 2.
1201 4143 1244 4181 D
1279 4141 1321 4194 (1
1337 4140 1390 4193 ἲ).
1428 4141 1531 4184 92.
1650 4142 1686 4193 1)
1722 4142 1764 4184 d.
1794 4152 1823 4180 a
1853 4152 1889 4181 s,
1923 4142 1959 4179 F
1979 4142 2001 4180 1
2036 4138 2099 4191 (et
2123 4142 2224 4187 post
2254 4135 2411 4188 add.);

165 4204 207 4243 d.
243 4214 299 4244 ac
330 4214 367 4242 s.
397 4203 439 4242 A
473 4205 514 4244 2.
544 4205 583 4243 Β
618 4204 658 4242 1.
694 4202 735 4241 G
768 4201 904 4250 1—33
935 4201 1085 4249 adque
1117 4201 1177 4240 ad
1209 4200 1250 4240 G
1283 4203 1332 4250 33
1365 4205 1410 4241 et
1441 4202 1501 4241 ad
1532 4202 1670 4242 ceteri.
1792 4198 1856 4251 m)
1889 4198 2187 4247 Agerentiam
2219 4195 2261 4234 A
2292 4196 2332 4239 3.
2367 4196 2411 4240 6.

163 4264 202 4302 E
240 4265 278 4303 1.
312 4263 350 4301 F
382 4263 425 4307 4.
460 4262 510 4312 53
555 4262 782 4310 Agrentia
816 4259 857 4300 G
891 4262 940 4308 13
987 4258 1257 4307 Agrootiam
1303 4272 1419 4301 corr.
1466 4262 1669 4308 Agentia
1718 4259 1757 4301 Gr
1790 4261 1840 4308 23
1892 4257 2141 4298 Arenciam
2176 4254 2232 4308 (2)
2270 4254 2303 4295 C
2335 4253 2411 4305 '13

164 4322 318 4363 Aritia
349 4320 385 4361 C
421 4323 459 4363 1.
491 4323 530 4368 2,
577 4332 692 4363 corr.
720 4325 770 4359 ut
813 4318 982 4357 videtur
1012 4316 1310 4359 Acerentiam
1342 4320 1386 4359 D
1420 4321 1459 4370 1,
1492 4324 1529 4359 et
1560 4321 1624 4359 ita
1654 4320 1733 4358 alii
1763 4319 1831 4368 I),-
1876 4316 2114 4357 Arentiam
2146 4315 2169 4354 Ι
2203 4316 2241 4366 1,
2290 4324 2409 4355 corr.

164 4380 467 4429 Agerentiam
503 4380 544 4421 G
575 4382 652 4429 δας
685 4378 935 4419 Acer-entia
965 4376 1016 4419 G.
1048 4377 1201 4427 Neap.
1305 4376 1354 4431 n)
1385 4378 1614 4418 Romoald
1642 4376 1685 4417 A
1718 4380 1757 4430 1,
1790 4377 1881 4416 alii.
