2984 4917
588 427 811 480 PAULI
848 428 1198 482 HISTORIA
1234 427 1906 482 LANGOBARDORUM.
2299 428 2368 480 47

143 603 210 656 ut
257 593 569 680 tollerent,
625 595 826 661 Pauli
877 595 1090 678 verba,
1147 604 1220 658 ut
1271 617 1484 681 supra
1529 597 1918 677 monuimus,
1975 596 2068 659 ad
2110 595 2371 660 modum

147 677 430 763 vulqaris
470 678 744 766 linquae
786 701 921 745 non
963 678 1153 742 semel
1195 681 1468 765 scripta,
1514 701 1595 743 eae
1670 679 2094 743 rammaticae
2121 677 2370 778 requlis

147 763 547 848 corriqerent,
592 762 876 828 lacunas
920 761 1270 847 explerent,
1315 761 1440 827 ali-i
1481 785 1533 827 s.
1568 763 1612 827 I
1668 809 1683 826 .
1728 772 1786 825 et
1813 762 1893 825 X.
1934 763 2204 827 librarii
2245 761 2372 827 sibi

145 856 512 929 sumserunt,
558 847 733 930 quod
790 856 1005 912 tamen
1059 848 1174 910 vioe
1223 868 1541 932 prospere
1594 849 1686 912 eis
1744 849 1948 912 cessit.
2033 847 2171 911 Nec
2208 845 2371 928 fieri

135 932 367 1012 potuit,
427 932 591 1014 quin
647 932 724 995 in
781 939 972 996 tanta
1025 931 1322 995 codicum
1363 930 1526 995 mole
1566 933 1796 995 variae
1840 939 2039 994 natae
2082 933 2214 994 sint
2254 930 2353 994 lec·

144 1014 328 1077 tiones
369 1015 760 1079 innumerae
783 1012 956 1099 fere,
1001 1036 1238 1098 eaeque
1289 1014 1477 1079 modo
1533 1014 1711 1080 omni
1761 1035 1955 1079 sensu
2009 1015 2369 1094 destitutae,

144 1095 310 1161 modo
379 1101 770 1163 temerariae
833 1107 890 1163 et
955 1120 999 1161 a
1060 1099 1350 1184 qenuino
1415 1098 1751 1162 verborum
1814 1107 2030 1163 tenore
2082 1119 2370 1183 prorsus

147 1179 402 1246 alienae.
456 1178 639 1255 Quas
671 1203 885 1246 omnes
911 1191 1197 1263 enotare,
1231 1183 1468 1246 nedum
1498 1182 1605 1246 hic
1633 1202 1981 1263 recensere,
2010 1181 2371 1246 taediosum

143 1272 190 1326 et
259 1263 406 1329 lane
437 1263 671 1330 inutile
699 1275 859 1329 erat.
920 1266 1004 1330 Id
1031 1275 1246 1329 tamen
1276 1268 1547 1352 eqimus,
1581 1275 1652 1331 ut
1681 1266 1978 1331 codicum
2017 1267 2133 1351 qui
2164 1274 2369 1329 aetate

142 1288 636 1414 vefauctoritate
667 1358 1023 1433 praestant
1053 1348 1144 1438 (A
1179 1351 1232 1413 1.
1264 1349 1322 1412 2.
1366 1350 1433 1413 F
1453 1347 1518 1436 1)
1550 1351 1875 1435 inteqram
1920 1348 2213 1414 lectionis
2254 1371 2367 1412 va-

144 1433 413 1496 rietatem
473 1433 934 1515 eoehiberemus,
988 1455 1069 1498 esc
1130 1431 1286 1498 aliis
1341 1435 1458 1518 qui
1511 1434 1603 1497 ad
1647 1434 1762 1498 hos
1854 1455 2010 1517 rope
2056 1433 2372 1497 accedunt

144 1515 228 1594 (B
251 1517 304 1579 1.
341 1515 472 1582 01.
506 1517 572 1578 D
599 1516 655 1580 1.
688 1517 749 1580 G
777 1520 830 1580 l.
855 1516 930 1598 2)
978 1519 1201 1582 omnia
1272 1540 1399 1582 uae
1437 1519 1527 1582 ad
1556 1539 1779 1580 veram
1830 1519 2136 1581 ectionem
2166 1516 2363 1580 stabi-

139 1599 412 1665 liendam
437 1599 674 1685 faeere
705 1610 994 1687 possunt
1022 1610 1139 1665 aut
1174 1625 1206 1665 s
1277 1610 1398 1666 tem
1444 1623 1577 1665 non
1621 1611 1887 1686 apertae
1926 1601 2370 1685 corruptionis

145 1683 382 1749 indicia
414 1684 757 1769 praebent,
804 1707 884 1750 eae
919 1685 1193 1770 reliquis
1235 1707 1405 1766 ver0,
1451 1694 1771 1768 quantum
1798 1685 2049 1766 licebat,
2094 1707 2171 1748 ea
2203 1706 2370 1768 quae

143 1768 420 1832 codicum
466 1772 920 1854 coynationem
974 1777 1031 1832 et
1077 1777 1290 1834 temtus
1334 1767 1632 1850 Paulini,
1675 1777 1749 1831 ut
1774 1773 1871 1833 ita
1902 1768 2141 1849 dicam,
2173 1768 2365 1832 histo-

141 1853 295 1916 riam
338 1874 420 1916 ex
471 1850 728 1916 lanant.
791 1853 1019 1938 Neque
1060 1853 1136 1917 id
1163 1855 1435 1938 egimus,
1480 1862 1553 1916 ut
1583 1853 1817 1937 ubique
1862 1851 2119 1938 sinquli
2148 1853 2366 1935 cujus-

144 1956 248 2017 que
299 1959 369 2000 co
421 1937 547 2001 icis
605 1933 949 2021 afferretur
1003 1936 1184 2000 lectio
1193 1959 1218 2019 ,·
1271 1958 1760 2023 nonnumquam
1815 1934 2046 2001 classis
2101 1937 2370 2021 siqnum

145 2021 554 2102 (praesertim
590 2020 694 2101 D)
739 2022 1110 2104 posui-mus,
1168 2020 1284 2085 ubi
1385 2019 1560 2084 lures
1616 2023 1787 2084 inter
1839 2043 1906 2083 se
1957 2021 2368 2100 conveniunt,

143 2103 208 2166 de
233 2103 506 2188 reliquis
533 2124 682 2167 vero
712 2126 846 2168 non
877 2103 1231 2170 constabat.
1279 2044 1455 2168 dam
1485 2112 2071 2188 quantamcumque
2103 2124 2370 2186 operam

143 2186 500 2252 Betkmann
544 2187 792 2272 aliique
821 2189 990 2253 socii
1025 2189 1236 2252 nostri
1264 2188 1336 2251 in
1367 2187 1786 2272 indaqandis
1814 2195 1871 2250 et
1900 2186 2367 2250 examinandis

143 2269 324 2334 Pauli
367 2271 704 2336 codicibus
742 2281 1125 2356 posuerunt,
1171 2293 1305 2336 non
1337 2292 1553 2334 omnes
1596 2278 1810 2334 tamen
1854 2269 2024 2334 locos
2067 2271 2367 2354 inspexe-

143 2364 301 2436 runt,
348 2357 469 2441 qui
511 2356 718 2420 dubia
745 2377 993 2420 movere
1021 2353 1121 2420 vel
1149 2353 1389 2418 solvere
1407 2363 1699 2439 possent.
1773 2354 1956 2428 Quae
1985 2362 2369 2418 correctores

134 2448 346 2522 postea
391 2439 723 2504 codicibus
765 2439 1130 2504 intulerunt
1173 2462 1252 2503 esc
1289 2436 1351 2500 A
1377 2439 1409 2501 1
1443 2448 1503 2501 et
1530 2438 1571 2502 2
1601 2447 1855 2502 tantum
1888 2439 2369 2519 annotavimus,

144 2543 212 2584 ecs
249 2523 315 2585 D
339 2525 374 2585 1
402 2531 464 2587 et
489 2523 556 2586 F
572 2522 601 2584 1
638 2533 904 2608 partem
933 2546 1155 2588 eorum
1198 2545 1367 2608 quae
1394 2525 1469 2587 in
1500 2531 1735 2586 ceteros
1780 2522 2019 2586 barum
2064 2522 2371 2586 classium

145 2603 323 2670 libros
354 2607 792 2687 transierunt,
829 2606 1004 2689 aliis,
1029 2606 1266 2692 quibus
1343 2609 1681 2672 raesertim
1708 2604 1768 2669 G
1788 2608 1841 2669 1.
1865 2605 1979 2671 2.3
2004 2605 2369 2685 abundant,

135 2706 399 2773 prorsus
446 2692 718 2755 omissis.
774 2690 1230 2755 Nihilominus
1271 2630 1531 2756 lectores
1575 2691 1788 2754 nimia
1830 2690 2170 2756 lectionum
2210 2689 2371 2754 mole

147 2773 385 2839 obrutos
410 2795 566 2855 esse,
589 2774 822 2839 multos
829 2773 992 2857 fore
1023 2776 1140 2860 qui
1153 2774 1462 2860 judic-ent
1489 2775 1606 2838 vioe
1637 2773 1877 2841 dubito.
1952 2773 2127 2848 Quos
2155 2782 2370 2837 tamen

145 2860 399 2923 monitos
439 2857 649 2938 velim,
695 2858 791 2923 bis
826 2867 995 2922 terve
1015 2860 1314 2944 primum
1356 2881 1399 2921 a
1429 2859 1863 2938 BethmannO,
1902 2867 2154 2943 postea,
2194 2857 2368 2922 codi-

147 2943 308 3006 cibus
367 2943 849 3027 antiquissimis
909 2943 1122 3007 denuo
1178 2941 1522 3024 adhibitis,
1569 2964 1612 3004 a
1655 2965 1751 3004 me
1799 2963 1932 3006 non
1974 2950 2167 3027 qrato
2212 2963 2370 3005 sane

146 3022 346 3090 labore
390 3047 506 3090 eas
549 3047 682 3090 esse
724 3028 1080 3090 recensitas
1123 3035 1182 3090 et
1223 3027 1605 3111 castiqatas.

293 3109 685 3174 Editionum
727 3111 843 3172 vioe
887 3109 1075 3174 semel
1116 3109 1216 3173 vel
1267 3110 1364 3174 bis
1406 3111 1579 3174 ratio
1627 3108 1928 3173 habenda
1972 3117 2129 3173 erat.
2199 3106 2372 3171 Sunt

147 3211 276 3257 vero
318 3194 480 3258 hae¹
503 3216 523 3256 .·

300 3279 362 3361 1)
408 3277 846 3359 Ascensiana,
891 3277 990 3342 ed.
1038 3274 1217 3340 Guil.
1247 3277 1487 3357 Parvo,
1533 3275 1750 3339 Paris.
1787 3271 1969 3355 1514,
2029 3295 2109 3338 ex
2152 3272 2369 3337 codice

148 3357 370 3425 classis
413 3362 483 3424 F
530 3360 848 3443 (fortasse
890 3359 1053 3424 F2²
1095 3360 1193 3425 vel
1235 3360 1488 3441 F2³*).

296 3443 365 3531 2)
426 3444 967 3530 Peutinqeriana,
1033 3443 1374 3530 Auqustae
1435 3443 1624 3523 1515,
1692 3441 1941 3506 codices
2004 3449 2223 3504 secuta
2283 3441 2372 3505 ad

149 3523 198 3586 A
224 3525 261 3588 3
303 3538 362 3592 et
404 3528 451 3591 I
474 3528 505 3589 1
603 3530 964 3594 ertinentes.

295 3612 364 3696 3)
413 3612 546 3676 Fro
587 3614 857 3693 eniana,
899 3620 1171 3676 curante
1200 3610 1271 3677 S.
1307 3608 1593 3690 GeleniO,
1639 3608 1950 3673 Basileae
1986 3607 2165 3690 1532,
2202 3609 2374 3672 inter

152 3692 473 3760 Historiae
516 3696 858 3761 Romanae
901 3697 1269 3781 scriptores,
1313 3717 1394 3758 eoe
1442 3694 1474 3756 1
1522 3693 1817 3777 repetita.

298 3779 368 3862 4)
413 3779 1006 3866 Lindenbroqiana
1097 3801 1291 3860 rima,
1336 3778 1659 3865 Luqduni
1700 3776 1855 3840 Bat.
1889 3774 2071 3839 1595.
2117 3776 2177 3856 8,
2222 3797 2304 3839 eoe
2332 3775 2373 3838 2
2482 3825 2487 3830 .

149 3872 366 3944 sumta,
414 3863 705 3929 adhibito
751 3864 970 3930 codice
1069 3862 1370 3943 rteliano,
1415 3863 1533 3948 qui
1578 3860 1669 3924 ad
1718 3859 1774 3926 C
1793 3860 1834 3924 5
1866 3881 2083 3944 prope
2130 3859 2376 3923 accedit

152 3948 385 4046 (supra
429 3972 507 4033 p.
567 3947 705 4029 29).
792 3948 981 4013 Νουο
1047 3945 1231 4013 titulo
1299 3956 1500 4010 aucta
1550 3944 1816 4031 prodiit
1874 3966 2019 4008 cum
2072 3942 2372 4010 Jordane

151 4026 291 4094 alus
335 4030 438 4095 Lu
487 4032 550 4095 d.
598 4031 780 4096 1617.
827 4031 886 4095 8.

301 4113 373 4200 5)
495 4116 1028 4201 indenbroqiana
1091 4115 1341 4195 altera,
1407 4113 1710 4177 Hambur
1760 4112 1784 4174 i
1852 4109 2031 4174 1611.
2096 4111 2158 4190 4,
2231 4131 2374 4173 cum

147 4193 454 4279 Jordane,
497 4199 758 4265 Isidoro
802 4209 934 4282 etc.,
971 4223 1045 4284 p.
1081 4198 1221 4280 187,
1269 4198 1559 4264 adhibito
1605 4217 1675 4262 co
1726 4196 1821 4258 ice
1867 4195 1929 4257 B
1962 4196 2017 4256 1.

151 4317 200 4382 1)
239 4319 309 4388 CJ'
334 4323 635 4376 Bethmann
666 4343 727 4391 p.
769 4325 876 4377 296
915 4342 1043 4391 sqq„
1095 4325 1202 4375 314
1240 4342 1370 4391 sqq„
1410 4326 1518 4374 344
1556 4339 1685 4388 sqq„
1734 4319 1826 4370 ubi
1864 4317 2165 4371 accuratius
2204 4317 2269 4367 de
2308 4315 2373 4367 iis

150 4394 268 4458 θρίω
308 4395 382 4450 N.
419 4394 580 4450 Arch.
620 4397 670 4460 I,
696 4415 759 4464 p.
800 4398 929 4450 558.
1766 4429 1777 4438 ·
2031 4409 2035 4412 ’
