2984 4917
413 393 632 447 PAULI
669 392 1019 445 HISTORIA
1056 392 1728 445 LANGOBARDORUM.
1803 394 1947 444 LIB.
1987 395 2083 445 VI.
2283 394 2391 443 223

152 562 284 623 mia
341 559 624 642 dederat,
699 581 845 623 cum
899 560 1148 643 magnis
1173 570 1199 601 ⁸¹
1242 560 1485 625 viribus
1554 560 1943 625 adventaret.
2050 561 2180 641 Qui
2242 582 2390 623 cum

156 653 366 709 castra
418 646 487 707 in
551 665 798 707 summo
863 643 1095 707 montis
1162 645 1397 707 vertice
1460 645 1824 729 posuissent
1839 646 1884 726 ¹³,
1967 652 2029 708 et
2128 667 2243 708 ene
2308 666 2391 708 ex
2474 660 2481 665 ·

157 730 334 792 omni
388 737 571 813 parte
626 725 882 791 difficile
939 736 1143 791 esset⁰
1200 726 1284 790 ad
1328 748 1434 791 eos
1479 727 1814 811 accedere,
1875 727 2045 792 Ferd
2114 728 2213 792 fus
2256 727 2391 792 dux

156 834 304 875 cum
349 812 633 877 exercitu
677 833 750 874 su
801 811 1152 893 ervenienS,
1199 812 1408 895 coepit
1451 812 1725 875 eundem
1764 822 2043 877 montem
2089 812 2392 894 circuire,

158 897 274 961 utd
333 918 451 981 per
501 895 641 959 loca
693 918 736 981 p
763 896 1023 958 anim-ae
1081 917 1276 980 super
1342 917 1449 958 eos
1514 896 1753 981 possits
1831 898 2100 960 inruere.
2207 897 2388 958 Tunc

157 979 406 1065 Argait,
453 978 532 1043 de
619 1000 700 1042 uo
745 978 1188 1064 praemisimus
1203 990 1250 1061 8,
1303 979 1392 1041 ita
1432 979 1732 1043 Ferdulfo
1789 980 1976 1043 dixit:
2020 979 2389 1061 ‘Mement0,

159 1064 296 1129 dux
339 1061 511 1127 Ferd
619 1063 666 1145 ¹²,
719 1062 893 1148 quod
934 1084 1037 1125 me
1079 1063 1249 1126 essei
1294 1063 1559 1127 inertem
1603 1073 1666 1127 et
1705 1063 1990 1128 inutilem
2049 1064 2284 1128 dixeris
2330 1072 2395 1128 et

162 1147 416 1232 vulgari
471 1146 669 1211 verbo
713 1168 870 1232 arga
911 1147 1306 1211 vocaverisk.
1390 1147 1579 1211 Nune
1624 1158 1835 1212 autem
1877 1149 1973 1211 ira
2010 1149 2137 1212 Dei
2178 1148 2393 1213 veniat

164 1254 357 1316 super
397 1229 593 1307 illum,
640 1231 750 1315 qui
792 1230 1102 1315 posterior
1131 1254 1165 1295 e
1193 1230 1378 1295 nobis
1407 1228 1492 1293 ad
1520 1231 1662 1296 hos¹
1709 1231 1970 1297 Sclavos
2014 1232 2392 1296 accesserit'.

162 1316 248 1378 Et
289 1314 451 1379 haec
507 1314 743 1396 dicenS,
798 1335 982 1379 verso
1039 1336 1224 1399 equo,
1280 1336 1397 1399 per
1451 1317 1859 1401 asperitatem
1916 1316 2166 1399 montiS,
2222 1315 2393 1381 unde

236 1399 378 1463 avis
422 1407 557 1463 erat
599 1419 919 1480 ascensuS,
963 1397 1044 1461 ad
1090 1407 1294 1461 castra
1337 1400 1717 1463 contendere
1758 1400 1966 1485 coepit
1999 1399 2391 1465 Sclavorum.

159 1422 500 1548 {erdulfus
542 1503 692 1546 vero
711 1494 752 1523 ¹¹¹
801 1480 1218 1567 opprobrium
1261 1482 1520 1565 ducens,
1566 1485 1619 1548 si
1659 1506 1788 1547 non
1831 1486 1965 1569 ipse
2008 1506 2125 1570 per
2166 1483 2392 1547 eadem

161 1565 449 1631 difficilia
476 1566 661 1629 loca¹¹
706 1588 895 1650 super
927 1564 1190 1629 Sclavos
1233 1566 1560 1649 inmerito,
1604 1590 1748 1631 eum
1790 1591 1907 1652 per
1946 1588 2173 1653 aspera
2203 1588 2393 1653 quae-

165 1673 291 1736 que
337 1660 400 1716 et
441 1649 724 1715 difficilia
765 1650 1064 1736 inviaque
1106 1648 1249 1713 loca
1292 1660 1546 1714 secutus
1589 1660 1683 1715 est
1699 1664 1747 1714 P.
1836 1653 2043 1733 Quem
2088 1674 2239 1715 suus
2282 1674 2390 1715 ex·

161 1735 427 1817 ercitus,
481 1743 665 1882 turpe
715 1731 950 1817 ducens
1003 1732 1231 1797 ducem
1273 1755 1402 1798 non
1461 1736 1674 1820 sequi,
1736 1733 2039 1822 subsequi
2088 1745 2195 1800 ets
2255 1736 2393 1820 ipse

164 1819 397 1903 coepit.
491 1818 576 1883 Vi
623 1827 798 1881 entes
843 1818 1055 1903 itaque
1100 1816 1333 1900 Sclavi,
1379 1840 1486 1882 eos
1527 1842 1644 1904 per
1686 1818 1970 1884 devexar
2014 1819 2153 1883 loea
2195 1842 2272 1883 su
2318 1842 2391 1883 er

160 1914 266 1966 ses
309 1902 548 1982 venire,
603 1910 1144 1987 praeparaverunt
1185 1923 1252 1965 se
1295 1901 1592 1986 viriliter,
1650 1912 1714 1967 et
1766 1905 2005 1988 magis‘
2068 1902 2269 1990 lapidi
2315 1925 2391 1967 us

159 2008 238 2050 ac
297 1986 625 2051 securibus
670 1997 902 2071 quamu
947 1985 1138 2049 armis
1183 1994 1401 2049 contra
1455 2008 1565 2051 eos
1622 1997 2011 2071 pugnantOS,
2054 2010 2218 2071 pene
2262 2009 2391 2051 om·

159 2092 276 2133 nes
319 2069 599 2134 deiectos
629 2071 810 2155 equis
854 2071 1260 2154 perimerunt.
1328 2069 1563 2155 Sicque
1592 2072 1925 2134 victoriam
1952 2092 2079 2133 non
2115 2071 2357 2135 viribus
2375 2120 2393 2153 ,

164 2152 281 2218 sed
326 2166 520 2217 casuv
564 2153 778 2238 adepti
821 2162 985 2217 sunt.
1069 2151 1172 2216 Ibi
1227 2154 1431 2217 omnis
1473 2154 1769 2219 nobilitas
1870 2154 2013 2218 eriit
2067 2152 2393 2218 Foroiula-
2448 2184 2461 2196 ·

79 2246 84 2251 '
157 2259 414 2319 norum3
467 2237 559 2301 ibi
602 2236 938 2301 Ferdulfus
982 2236 1162 2300 duxW
1210 2237 1468 2318 cecidit3
1526 2237 1619 2302 ibi
1663 2248 1727 2302 et
1767 2237 1811 2300 il
1837 2261 1870 2301 e
1916 2239 2026 2324 qui
2056 2260 2202 2302 eum
2246 2258 2391 2323 pro-

157 2330 501 2386 vocaverat
539 2322 857 2386 extinctus
899 2329 1012 2384 est.
1083 2320 1399 2407 Tantique
1440 2322 1534 2386 ibi
1574 2322 1700 2385 viri
1740 2322 1931 2387 fortes
1979 2344 2095 2407 per
2137 2332 2391 2386 conten-

153 2406 351 2470 tionis
369 2417 400 2447 ¹
443 2403 680 2468 malum
723 2413 786 2469 et
827 2403 1399 2489 inprovidentiam?
1443 2403 1741 2469 debellati
1777 2414 1941 2487 sunt,
1986 2406 2206 2491 quanti
2297 2426 2394 2469 os-

159 2499 300 2553 sent
363 2511 482 2574 per
541 2510 736 2552 unam
801 2488 1206 2553 concordiam
1271 2499 1333 2554 et
1398 2488 1652 2553 salubre
1731 2488 2065 2555 consilium
2143 2513 2208 2553 m
2278 2499 2427 2552 taz-

157 2572 340 2638 milia
397 2582 712 2637 sternere&
753 2570 1165 2636 aemulorum.
1251 2572 1354 2638 Ibi
1382 2584 1596 2638 tamen
1638 2575 1847 2638 unusb
1878 2597 1913 2639 e
1940 2572 2387 2658 Langobardis
2406 2586 2449 2648 N,

154 2656 416 2721 nomine
457 2656 830 2738 Munichiae,
885 2657 994 2741 qui
1048 2665 1230 2741 pater
1288 2666 1432 2743 post
1474 2658 1648 2722 Petri
1702 2656 2072 2722 Foroiulani
2128 2668 2190 2723 et
2232 2657 2385 2722 Ursi
2442 2654 2453 2747 ,³

158 2740 534 2807 Genetensis
549 2741 578 2782 ‘¹
632 2740 866 2803 ducum
881 2752 906 2782 θ
964 2740 1192 2823 extitit,
1251 2739 1421 2806 solus
1473 2742 1721 2807 fortiter
1776 2752 1838 2806 et
1896 2740 2164 2807 viriliter
2216 2741 2387 2806 fecit.
2438 2764 2445 2824 ,¹

154 2826 224 2889 Is
283 2846 432 2888 cum
491 2823 571 2888 de
635 2846 798 2909 equo
867 2824 1104 2888 eiectus
1163 2834 1363 2907 esset,
1433 2834 1497 2889 et
1574 2847 1718 2890 eum
1778 2827 1978 2890 unusf
2039 2850 2073 2890 e
2141 2824 2394 2890 Sclavis
2438 2853 2443 2882 τ

156 2907 372 2973 subito
414 2907 720 2972 invadens
749 2908 886 2971 eius
927 2928 1154 2971 manus
1183 2908 1333 2973 fune
1351 2920 1379 2963 8
1421 2908 1820 2993 conligasset,
1866 2911 2047 2996 ipseh
2091 2909 2388 2973 manibus
2433 2897 2487 2994 {³

156 2992 374 3078 ligatis
422 2990 709 3056 lanceam
764 2991 845 3055 ab
907 2990 1192 3055 eiusdem
1237 2991 1450 3056 Selavi
1506 2991 1771 3056 dextera
1824 2993 2181 3074 extrahens,
2242 3014 2389 3057 eum

157 3099 310 3141 cum
365 3076 509 3160 ipsa
549 3076 890 3161 percussit,
950 3085 1014 3139 et
1067 3073 1301 3158 ligatus
1350 3098 1468 3160 per
1510 3098 1738 3161 aspera
1792 3098 1859 3139 se
1914 3076 2057 3139 loca
2109 3077 2389 3141 deiciens

158 3160 384 3226 evasit.
480 3159 663 3223 Haec
716 3159 860 3223 ideo
912 3158 1016 3223 vel
1069 3160 1349 3223 maxime
1402 3160 1470 3221 in
1520 3158 1643 3222 hac
1693 3160 2025 3245 posuimus
2076 3159 2391 3242 historiai,
2461 3230 2465 3240 ¹

153 3267 239 3308 ne
285 3241 441 3329 quid
482 3241 723 3329 aliquid
740 3244 766 3285 ¹⁵
811 3265 928 3328 per
970 3244 1387 3307 contentionis
1429 3242 1669 3307 malum
1712 3243 1917 3309 simile
1960 3244 2304 3328 contingat.
2421 3245 2467 3312 ,s

2374 3314 2414 3323 v

158 3431 206 3482 a)
242 3430 466 3479 1111131111Ἰ
500 3430 542 3471 1.
691 3426 740 3479 b)
772 3430 1002 3479 posuisset
1033 3428 1071 3468 G
1106 3430 1147 3467 1.
1182 3430 1224 3470 2.
1256 3430 1282 3469 1
1315 3431 1354 3471 1.
1507 3426 1550 3480 e)
1583 3439 1684 3469 esse
1727 3428 1768 3470 G
1800 3431 1841 3470 1.
1992 3427 2038 3481 d)
2071 3439 2167 3468 non
2200 3426 2241 3467 G
2273 3430 2311 3468 1.
2348 3428 2389 3467 2.

161 3488 207 3541 e)
239 3490 456 3539 planiosa
487 3487 529 3529 G
560 3489 600 3529 1.
636 3489 678 3531 2.
798 3487 835 3540 f)
863 3492 1019 3537 posset
1049 3488 1100 3529 0.
1133 3488 1192 3527 D.
1224 3488 1247 3527 I
1281 3489 1321 3529 1.
1358 3509 1408 3518 -
1443 3489 1649 3529 inrueret
1680 3488 1721 3528 G
1753 3490 1793 3527 1.
1827 3489 1865 3529 2.
1985 3484 2032 3537 g)
2065 3487 2253 3537 promis.
2286 3484 2388 3526 As.

157 3550 208 3600 11)
241 3548 414 3589 Ferdnl
443 3545 484 3585 A
517 3548 570 3596 23
614 3547 833 3589 Ferdulfe
862 3548 900 3586 Γ
933 3550 973 3599 1,
1017 3548 1109 3588 alii.
1260 3545 1295 3597 i)
1328 3552 1450 3589 esset
1477 3548 1515 3586 Γ
1548 3550 1587 3590 1.
1734 3546 1784 3598 k)
1814 3548 1878 3585 ita
1908 3545 1950 3585 A
1983 3547 2023 3589 l.
2053 3546 2104 3596 ὃς
2151 3546 2395 3586 vocaberis

160 3607 202 3647 A
235 3609 277 3647 2.
315 3605 357 3647 G
387 3606 428 3649 8.
460 3606 505 3647 4.
537 3606 562 3646 1
593 3609 633 3644 1.
780 3603 815 3656 1)
846 3605 934 3645 hoc
965 3604 1012 3647 S.
1045 3606 1293 3647 accerserit
1322 3606 1363 3645 A
1396 3608 1451 3656 2;
1498 3605 1738 3647 hosclavos
1775 3605 1816 3645 G
1849 3607 1888 3646 1.
2040 3603 2104 3657 m)
2134 3605 2244 3644 deest
2274 3603 2317 3644 A
2345 3605 2391 3647 3.

159 3664 212 3718 n)
244 3667 351 3706 loca
380 3687 428 3695 —
450 3664 662 3705 difficilia
689 3665 774 3705 des.
808 3664 843 3705 C
861 3667 900 3705 1.
992 3662 1038 3715 o)
1068 3666 1132 3704 ita
1162 3664 1200 3704 A
1223 3667 1262 3706 1.
1283 3666 1324 3704 2.
1360 3661 1422 3705 ’2.
1454 3666 1491 3704 Γ
1511 3667 1559 3715 1;
1588 3666 1794 3704 inrueret
1821 3665 1959 3704 ceteri.
2050 3662 2101 3716 p)
2132 3664 2243 3704 deest
2257 3664 2309 3707 Γ.
2332 3663 2388 3704 G.

161 3723 211 3777 q)
245 3736 306 3766 ex
339 3723 380 3764 G
411 3726 450 3765 l.
484 3725 524 3764 2.
617 3721 657 3774 r)
690 3724 856 3764 divexa
885 3722 923 3762 A
955 3724 996 3765 3.
1029 3723 1072 3762 D
1105 3724 1146 3767 2.
1179 3720 1279 3772 '8a3
1312 3724 1497 3764 diversa
1525 3725 1577 3765 Γ.
1612 3723 1665 3764 G.
1697 3723 1720 3762 1
1752 3725 1807 3772 23
1840 3723 1974 3763 devia
2003 3724 2041 3763 Ε
2077 3724 2117 3764 1.
2209 3721 2250 3775 s)
2280 3724 2392 3762 deest

162 3784 225 3833 03
264 3787 367 3833 pou
395 3784 535 3832 suppl.
585 3781 627 3823 G
658 3782 698 3822 1.
847 3779 884 3834 t)
917 3784 1097 3832 magnis
1142 3783 1191 3824 G.
1236 3783 1278 3821 D
1314 3782 1374 3821 1¹?
1404 3779 1497 3823 Ἔα.
1542 3784 1566 3821 Ι
1599 3784 1621 3821 1
1670 3787 1707 3821 et
1739 3794 1759 3821 e
1788 3793 1903 3824 corr.
1956 3780 1996 3823 G
2027 3782 2068 3822 3.
2218 3779 2268 3834 n)
2302 3792 2392 3831 qua

158 3844 198 3883 Γ
234 3844 284 3891 13
317 3853 360 3891 q.
393 3845 439 3882 et
469 3842 520 3885 0.
550 3842 576 3881 1
607 3842 647 3881 1.
781 3839 830 3893 v)
865 3852 1018 3882 casum
1053 3842 1094 3883 G
1127 3842 1165 3881 3.
1195 3841 1240 3881 4.
1371 3839 1432 3892 w)
1465 3842 1576 3881 deest
1624 3840 1659 3881 0
1691 3841 1762 3880 4b.
1800 3840 1838 3880 G
1870 3841 1913 3881 3.
1944 3841 1988 3879 4.
2123 3838 2171 3892 x)
2206 3845 2390 3881 conten-

162 3903 323 3941 ciones
368 3902 405 3940 Γ
438 3902 478 3944 1.
625 3896 674 3951 y)
706 3900 1054 3950 inprovidencia
1104 3899 1144 3940 G
1175 3903 1215 3941 1.
1251 3898 1311 3939 2?
1343 3900 1394 3949 33
1438 3900 1797 3950 imprudentiam
1844 3898 1885 3939 A
1918 3900 1958 3939 3.
2003 3901 2041 3939 Β
2075 3902 2117 3941 2.
2168 3899 2209 3940 G
2236 3900 2278 3942 4.
2309 3899 2392 3948 503

159 3959 501 4009 imprudentiae
535 3958 584 3999 C.
615 3959 673 3998 D.
703 3960 726 3999 1
761 3962 802 4003 1.
922 3957 964 4011 z)
995 3961 1106 3999 deest
1138 3958 1180 3999 G
1209 3960 1252 3999 3..
1286 3960 1327 3998 4.
1449 3957 1493 4010 a)
1520 3963 1622 4008 poet
1652 3959 1794 4008 suppl.
1826 3959 1918 3998 ΓΙ.
2039 3956 2088 4010 b)
2122 3969 2264 3998 unum
2294 3959 2329 3995 F
2349 3957 2389 3997 1.

162 4019 206 4059 G
239 4019 364 4059 1—3.
401 4041 452 4049 —
488 4021 534 4058 et
562 4018 599 4057 Γ
633 4019 672 4059 1.
824 4016 865 4070 c)
898 4019 1094 4059 Municis
1128 4018 1162 4059 C
1197 4020 1236 4058 1.
1271 4019 1323 4068 23
1354 4019 1559 4067 Munigis
1589 4019 1630 4057 D
1664 4020 1704 4061 2.
1736 4019 1777 4057 8.
1928 4016 1975 4069 (1)
2009 4018 2167 4059 oeten.
2203 4015 2243 4056 G
2276 4017 2313 4059 1.
2346 4017 2389 4056 2.

159 4075 206 4129 e)
238 4078 366 4117 ducis
412 4076 461 4117 0.
494 4077 553 4116 D.
586 4078 610 4116 1
642 4078 693 4125 13
725 4076 818 4117 dux
869 4076 910 4117 G
941 4079 1010 4120 ba.
1033 4088 1079 4127 ος
1126 4078 1340 4116 ducatum
1387 4076 1428 4117 G
1459 4077 1499 4117 3.
1650 4076 1687 4128 f)
1720 4077 1941 4117 essclavis
1986 4076 2027 4116 A
2061 4080 2110 4126 13
2158 4085 2300 4114 unum
2332 4084 2393 4113 e:

160 4136 342 4177 sclavis
372 4136 408 4175 Γ
443 4137 492 4185 1;
524 4135 726 4175 exclavis
761 4134 803 4177 G
834 4136 875 4178 3.
909 4137 958 4186 43
1006 4137 1177 4177 eclavhs
1207 4147 1321 4175 corr.
1355 4146 1380 4175 e
1411 4136 1579 4175 sclavis
1612 4134 1653 4176 G
1685 4138 1737 4186 23
1784 4146 1842 4176 ex
1875 4135 1923 4176 S.
1950 4136 1993 4175 D
2028 4137 2083 4185 23
2115 4144 2220 4173 eum
2252 4144 2310 4173 ex
2340 4131 2389 4174 S.

156 4197 202 4235 D
235 4196 289 4244 83
322 4206 348 4236 e
378 4196 488 4235 deest
516 4193 558 4233 A
591 4196 632 4235 2.
754 4192 800 4245 g)
834 4194 970 4235 funes
999 4196 1036 4235 Γ
1071 4198 1110 4237 1.
1146 4194 1186 4236 G
1219 4197 1258 4234 1.
1293 4196 1340 4243 23
1373 4195 1495 4234 funis
1526 4206 1639 4234 corr.
1671 4194 1783 4235 fune
1819 4194 1859 4235 G
1890 4196 1932 4235 8.
1963 4214 2015 4225 —
2043 4195 2245 4242 legasset
2273 4191 2313 4231 A
2346 4192 2387 4233 2.

155 4251 206 4306 11)
240 4254 332 4303 ipsi
361 4254 398 4293 Γ
431 4254 481 4303 1;
515 4257 560 4294 et
587 4254 620 4295 i.
657 4252 698 4293 G
730 4254 858 4293 1-4,
1007 4254 1043 4307 i)
1074 4254 1312 4295 historiam
1347 4253 1382 4294 O
1414 4256 1453 4293 1.
1489 4253 1531 4294 G
1562 4256 1600 4295 1.
1632 4256 1683 4304 2;
1730 4256 1849 4294 hane
1899 4273 1952 4282 -
2000 4253 2238 4292 historiam
2272 4250 2313 4290 G
2342 4251 2385 4293 8.

154 4310 206 4364 k)
236 4314 302 4352 ita
332 4312 374 4352 A
395 4314 436 4354 1.
469 4313 510 4352 2.
542 4309 604 4352 *8.
638 4313 682 4353 4.
711 4312 750 4352 Β
770 4314 811 4355 2.
844 4314 896 4353 E·
928 4313 982 4353 Γ.
1018 4313 1072 4355 G.
1105 4314 1202 4363 123
1234 4313 1345 4363 quid
1375 4314 1521 4353 alicui
1551 4312 1668 4353 Aa?
1700 4313 1750 4354 C.
1780 4313 1850 4361 D;
1883 4313 1956 4351 cui
1985 4312 2160 4361 aliquid
2194 4310 2318 4351 (ἔδει.
2340 4320 2379 4352 0.

153 4372 198 4412 Η
233 4373 281 4421 1;
313 4383 358 4421 q.
390 4371 638 4421 aliquando
668 4372 707 4412 Γ
741 4372 816 4412 Ra.
