2984 4917
701 428 923 480 PAULI
960 430 1311 483 ms'romA
1351 393 2025 483 LANGOBARDORUM.
2414 433 2483 481 35

385 596 552 685 κ(58)
595 596 783 660 1720.
869 596 1388 663 Parisiensis
1437 598 1562 661 Nr.
1608 596 1794 678 6159,
1853 598 2109 661 membr.
2166 598 2225 661 8.
2271 622 2320 666 8.
2365 599 2483 680 ΧΙ,

234 703 387 745 cum
429 680 554 744 F2
597 682 697 745 ita
739 682 936 746 etiam
978 683 1054 746 in
1097 680 1257 745 locis
1300 682 1718 767 interpolatis
1748 683 2064 764 convenit,
2109 690 2181 745 ut
2210 704 2291 745 esc
2332 685 2481 767 ipso

234 773 544 849 exceptus
573 765 932 829 censendus
973 774 1150 845 esset,
1195 767 1333 829 nisi
1375 787 1543 851 quae
1573 766 1651 830 de
1681 767 2051 850 scripturae
2082 774 2286 829 aetate
2314 765 2480 850 refe-

233 858 485 911 rantur
514 848 855 913 obstarent.
909 847 1093 921 Quae
1117 851 1178 913 si
1203 858 1368 914 recte
1397 849 1656 931 habent,
1686 850 1881 912 etiam
1904 848 2011 913 hic
2040 872 2121 913 esc
2151 850 2482 914 Modoetia

229 932 628 1016 repetendus
673 942 795 995 aut
834 934 1147 997 vetustior
1189 933 1390 1019 hujus
1431 934 1619 997 urbis
1662 935 1864 998 codex
1908 934 2059 1018 jam
2102 934 2481 1018 deperditus

231 1016 626 1080 statuendus
668 1026 776 1084 est.
861 1016 1238 1081 Bethmann
1282 1017 1557 1081 eundem
1590 1018 1865 1103 putavit
1946 1020 2023 1080 ui
2062 1018 2138 1080 in
2182 1018 2395 1081 catalo
2445 1039 2479 1081 o

229 1098 648 1164 bibliothecae
735 1100 1180 1165 Vicecomitum
1249 1100 1571 1185 Papiensi
1644 1124 1705 1164 a.
1782 1098 1901 1163 142
1948 1146 1964 1162 .
2037 1101 2163 1164 Nr.
2235 1101 2398 1165 XXI
2424 1100 2479 1164 Ι.

223 1180 522 1246 Historia
576 1181 944 1247 Lombarda
1043 1184 1182 1247 arvi
1229 1182 1573 1248 voluminis
1626 1207 1669 1247 a
1719 1193 1901 1248 ertur
1951 1182 2160 1266 (Bibl.
2202 1185 2481 1268 publica

224 1265 585 1351 Papiensis
630 1269 751 1331 Tit.
781 1267 966 1332 XXX
972 1206 1040 1348 1³,
1068 1266 1108 1331 3
1108 1271 1182 1348 );
1227 1267 1301 1331 id
1346 1270 1522 1354 quod
1549 1267 1650 1331 De
1676 1267 1792 1345 isle
1836 1267 2045 1351 (Hist.
2091 1268 2185 1332 du
2227 1269 2482 1333 cabinet

228 1351 348 1415 des
411 1352 810 1415 manuscrits
854 1375 932 1436 p.
995 1349 1150 1431 126)
1260 1361 1434 1416 ostea
1493 1350 1962 1433 confirmavith
2049 1352 2153 1432 II,
2214 1351 2479 1416 15-24.

231 1435 479 1498 omissa
534 1433 754 1499 scriba
807 1437 882 1501 in
941 1433 1116 1499 calce
1156 1374 1312 1499 libri
1354 1436 1702 1520 supplevit,
1763 1436 1877 1499 ubi
1920 1435 2218 1500 ultimum
2262 1445 2478 1500 tamen

209 1515 470 1601 folium
511 1518 864 1584 intercidit.

406 1600 544 1691 (59)
590 1601 818 1665 F2a*.
904 1602 1428 1667 Parisiensis
1471 1602 1596 1666 Nr.
1628 1601 1813 1683 6815,
1872 1625 1923 1666 8.
1953 1602 2125 1666 XIV.
2168 1606 2242 1667 in
2287 1624 2476 1667 mem·

228 1685 454 1750 brana
480 1685 656 1749 Itala
683 1708 764 1749 eoe
793 1685 916 1749 F2
935 1694 962 1727 ⁸
994 1686 1381 1771 descriptus.
1469 1686 1612 1750 Hoc
1658 1688 2074 1751 continentur
2117 1686 2476 1751 volumine:

225 1766 524 1849 Solinus,
570 1769 774 1834 Pauli
816 1771 1092 1834 historia
1131 1770 1461 1850 Romana,
1508 1770 1810 1835 Historia
1851 1769 2477 1855 Langobardorum,

225 1851 483 1953 Isidori
524 1853 808 1918 historia
839 1853 1216 1953 Gothorum,
1258 1855 1599 1918 Martinus
1629 1854 1936 1937 Polonus,
1986 1856 2264 1919 Thomae
2295 1855 2476 1917 chro-

220 1958 480 2085 ms.
520 1934 1343 2105 εῗὲῑΐὲεβῑῑέοῗεῆεὲη
1377 1936 2249 2088 &attusia-{tus
2272 1936 2475 2086 33⁹3:

225 2106 376 2169 ensi
417 2107 479 2169 si
523 2128 589 2169 n.
619 2104 1068 2170 DCXXXVII
1101 2104 1467 2190 afferantur
1513 2105 1588 2188 (l.
1633 2103 1732 2185 L),
1780 2107 1953 2170 hanc
1996 2128 2145 2169 vero
2192 2128 2254 2172 a.
2290 2105 2371 2168 14
2412 2104 2471 2168 9.

223 2186 326 2251 vel
358 2187 437 2250 15
525 2236 540 2251 .
584 2189 885 2254 Parisios
956 2212 1030 2253 as
1085 2198 1364 2253 ortatam
1417 2212 1551 2253 esse
1608 2198 1847 2253 constet
1905 2188 2186 2269 (Delisle
2228 2187 2270 2250 l.
2314 2188 2356 2251 l.
2390 2211 2467 2273 p.

229 2269 410 2353 125),
497 2273 620 2336 uin
661 2274 834 2337 idem
874 2275 961 2337 sit
1051 2272 1302 2336 ubitari
1343 2274 1569 2355 nequit
1585 2282 1628 2334 ².

398 2357 468 2437 (6
515 2358 540 2440 )
584 2357 737 2421 F3.
787 2386 790 2391 ·
842 2357 1293 2422 Vaticanus
1355 2356 1482 2419 Nr.
1548 2355 1746 2437 3339,
1814 2354 2071 2419 membr.
2120 2353 2254 2438 fol.
2321 2354 2473 2419 Post

235 2438 542 2504 Orosium
586 2450 644 2503 et
684 2441 887 2505 Pauli
925 2441 1268 2504 historiam
1309 2440 1684 2503 Romanam
1728 2462 1780 2506 8.
1810 2440 1921 2503 ΧΙ.
1968 2440 2222 2524 scripta
2264 2461 2329 2504 se
2374 2440 2472 2503 ui-

220 2533 335 2589 tur
377 2524 540 2587 liber
581 2547 790 2589 manu
818 2523 997 2589 Itala
1040 2546 1091 2587 s.
1121 2524 1272 2587 XII.
1303 2546 1402 2587 ecc.
1434 2532 1772 2605 escaratus,
1818 2546 1943 2636 guo
1974 2523 2215 2605 Dares,
2258 2521 2357 2586 ‘L1
2404 2545 2473 2587 er

217 2607 463 2692 ystorie
506 2606 588 2672 de
627 2608 871 2693 origine
901 2630 978 2671 ac
1005 2607 1207 2692 gestis
1236 2605 1815 2691 Longobardorum
1864 2616 1920 2671 et
1946 2608 2291 2671 Einhardi
2331 2606 2471 2671 Vita

219 2690 465 2756 Karoli
505 2694 938 2757 continentur.
1031 2689 1165 2765 Qui
1216 2692 1558 2756 historiam
1599 2692 1785 2756 illam
1828 2713 1907 2755 eoe
1951 2691 2161 2754 Paulo
2207 2712 2355 2754 eoece
2447 2728 2471 2739 -

219 2778 342 2840 sit³
390 2775 480 2859 (I,
517 2775 740 2838 1-12.
779 2775 1042 2841 14-16.
1073 2774 1174 2838 22.
1220 2784 1279 2837 et
1335 2774 1417 2838 27
1470 2779 1567 2840 in.
1624 2774 1726 2839 25.
1756 2774 1839 2840 26
1881 2776 1977 2837 in.
2015 2774 2108 2854 ΙΙ,
2158 2773 2212 2836 1.
2243 2774 2365 2837 5-
2410 2773 2469 2837 Ο.

229 2858 330 2921 12.
365 2859 633 2923 14-25.
663 2857 765 2922 27.
808 2858 890 2923 28
931 2862 1025 2923 in.
1076 2858 1179 2922 32.
1227 2858 1326 2939 VI,
1370 2857 1454 2922 35
1490 2856 1788 2944 part.'22
1820 2867 2005 2942 part.
2039 2857 2119 2921 16
2214 2866 2338 2921 art.
2368 2856 2470 2921 23.

220 2942 324 3006 37.
356 2940 458 3006 28.
488 2943 591 3007 38.
622 2942 725 3006 42.
757 2943 860 3007 53.
890 2943 992 3007 45.
1023 2944 1106 3007 54
1135 2944 1232 3006 in.
1259 2943 1361 3006 48.
1393 2940 1478 3007 54
1509 2951 1695 3028 part.
1726 2942 1829 3007 55.
1859 2941 1961 3006 56.
1992 2939 2095 3005 57.
2125 2881 2207 3005 58
2226 2944 2471 3026 part),

221 3027 427 3111 hujus
472 3025 704 3091 classis
749 3027 965 3092 codice
1009 3049 1170 3091 usus
1215 3036 1322 3090 est.

390 3108 529 3198 (61)
558 3110 738 3175 173².
783 3112 1214 3175 Romanus
1250 3109 1853 3175 Casanatensis
1877 3106 2053 3190 AII,
2082 3110 2186 3188 34,
2217 3107 2471 3171 membr.

197 3193 334 3275 fol.
381 3216 432 3257 s.
477 3193 667 3274 XIV,
715 3204 871 3279 post
921 3195 1292 3258 Martinum
1346 3192 1669 3257 Polonum
1726 3202 1784 3255 et
1838 3191 2041 3256 aliam
2096 3192 2473 3257 chronicam

216 3280 413 3342 etiam
441 3278 768 3359 Daretem,
797 3279 1132 3362 Excerpta
1161 3278 1476 3341 historiae
1500 3277 1649 3341 Lan
1699 3277 2114 3358 obardorum,
2135 3275 2475 3339 Einhardi

227 3361 435 3426 Vitam
463 3362 722 3444 Karoli,
753 3384 1004 3426 necnon
1041 3361 1632 3448 Cosmoyraphiam
1706 3360 1864 3425 abet.
1931 3356 2116 3433 Quae
2156 3380 2472 3445 magnam

205 3455 474 3530 partem
516 3469 597 3511 ecc
639 3446 706 3509 F
721 3446 762 3511 3
806 3455 1021 3510 sumta
1065 3468 1197 3510 esse
1242 3443 1571 3509 videntur.

389 3527 528 3617 (62)
571 3530 760 3594 F3b.
863 3529 1320 3595 Vaticanus
1358 3529 1485 3593 Nr.
1531 3527 1731 3607 8086,
1790 3528 1994 3593 chart.
2037 3525 2101 3607 4,
2161 3551 2223 3593 a.
2273 3525 2455 3605 1488.

216 3614 536 3678 Perusiae
558 3623 940 3695 ‘eoearatus,
998 3614 1114 3679 ubi
1165 3616 1339 3679 inter
1406 3613 1551 3677 alia
1602 3610 1810 3676 multa
1863 3610 2137 3675 aliunde
2199 3609 2461 3675 collecta

221 3698 503 3762 historia
545 3696 666 3761 illa
707 3698 1304 3784 Lanqobardorum
1361 3708 1419 3761 et
1471 3696 1814 3781 catalogus
1865 3697 2334 3779 imperatorum
2389 3695 2464 3757 in

220 3781 287 3844 F
304 3782 344 3846 3
387 3782 462 3845 in
505 3780 680 3846 calce
722 3783 1036 3847 historiae
1078 3784 1422 3848 Romanae
1467 3781 1737 3846 additus
1782 3788 1934 3844 sunt
1976 3780 2325 3864 descripta.

393 3864 574 3954 *(63)
617 3864 762 3929 F4.
865 3865 1321 3932 Vaticanus
1361 3865 1811 3929 Palatinus
1852 3863 1977 3927 Nr.
2022 3861 2167 3943 927,
2212 3862 2655 3935 membr.·p.3¹1.

224 3973 288 4014 a.
335 3948 518 4014 1181.
577 3952 652 4015 in
708 3953 1105 4016 monasterio
1165 3949 1238 4015 S.
1287 3950 1637 4015 Trinitatis
1681 3949 1930 4013 Montis
1986 3946 2222 4011 Oliveti
2251 3968 2470 4032 prope

235 4033 551 4099 Veronam
605 4056 748 4099 una
801 4057 1007 4098 manu
1062 4037 1379 4099 continua
1437 4042 1776 4098 escaratus.
1870 4031 2073 4096 Pauli
2124 4031 2467 4094 historiam

228 4234 280 4297 1)
323 4231 610 4300 Cataloqus
647 4230 736 4284 ille
764 4232 838 4283 ad
862 4232 975 4298 ejus
999 4230 1241 4284 notitiam
1276 4248 1384 4283 non
1409 4231 1570 4282 venit.
1721 4229 1779 4295 2)
1820 4229 1891 4281 In
1917 4238 2204 4297 tegumento
2246 4227 2461 4295 legitur:

223 4308 304 4358 Ex
340 4306 491 4359 libris
541 4304 921 4372 hystorialibus
962 4304 1104 4373 pulto
1146 4306 1197 4356 6.
1348 4304 1408 4370 3)
1445 4302 1519 4355 Iol
1569 4303 1710 4369 quod
1761 4302 1820 4353 in
1864 4304 1978 4369 fine
2020 4308 2199 4369 aperte
2236 4300 2460 4352 dicitur.-

221 4379 458 4447 Explicit
497 4384 758 4431 tractatus
798 4378 864 4430 de
903 4378 1039 4430 libro
1075 4379 1274 4444 ystoria
1302 4376 1783 4444 Langobardorum
1822 4377 2124 4427 summatim
2164 4379 2462 4426 extractus.

1925 4475 1992 4525 3.
