2984 4917
545 363 650 414 178
856 360 1077 412 PAULI
1115 357 1462 410 HISTORIA
1502 354 2173 407 LANGOBARDORUM.
2251 356 2394 407 LIB.
2436 358 2501 408 V.

629 531 686 595 8.
733 526 1071 610 Quomodo
1115 526 1477 610 imperator,
1521 531 1788 608 accepta
1830 521 2050 588 obside
2092 521 2433 587 Romualdi
2496 545 2718 588 sorore
2734 533 2779 606 ²,

733 611 862 675 adh
907 610 1276 675 Benevento
1319 606 1631 672 discessit.

628 698 688 760 9.
734 693 1072 842 (ὶηοωῖἓιο
1116 691 1517 778 imperatoris
1584 692 1935 756 exereitum
1978 690 2238 756 Mitola⁰
2283 691 2634 777 Capuanus
2683 713 2781 756 eo-

563 833 566 838 .
733 802 868 845 mes
909 801 949 841 a
1024 777 1158 840 ‘xit.

592 866 689 929 10.
735 861 1074 944 Quomodo
1105 857 1498 923 Romualdus
1531 858 1885 923 Saburrum
1911 858 1995 923 ab
2016 860 2045 902 ‘¹
2088 861 2468 946 imperatore
2511 859 2785 924 missum

735 970 881 1012 eum
921 945 1151 1029 viginti
1192 942 1450 1007 milibus
1493 944 1667 1009 vicit.

591 1033 689 1096 11.
732 1031 836 1095 De
877 1029 1060 1092 malis
1127 1049 1289 1113 quae
1334 1026 1649 1092 Constans
1712 1049 1795 1090 au
1840 1037 2021 1092 ustus
2086 1021 2388 1092 Romanis
2430 1028 2670 1111 intulit,
2728 1038 2790 1093 et

734 1114 812 1178 de
900 1109 1374 1178 raedationibus
1419 1127 1580 1196 quas
1617 1113 1713 1174 sin
1829 1113 1881 1176 is
1924 1112 2293 1197 regionibus
2322 1112 2489 1196 feeit,
2536 1121 2601 1177 et
2631 1135 2789 1199 quo-

735 1219 839 1262 mo
889 1219 926 1261 o
971 1197 1286 1260 extinctus
1337 1204 1452 1258 est.

592 1283 691 1346 12.
733 1282 838 1346 De
881 1281 1148 1365 imperio
1193 1279 1511 1360 Meeetii⁰‚
1556 1288 1620 1343 et
1662 1279 1741 1344 de
1782 1288 1983 1344 morte
2026 1281 2245 1366 ipsius.

590 1368 690 1431 13.
735 1364 1071 1447 Quomodo
1120 1364 1452 1428 Sarraceni
1497 1363 1579 1428 ab
1622 1361 2017 1428 Alexandria
2070 1367 2429 1447 venientes,
2492 1363 2789 1429 Siciliam

735 1447 1051 1537 populati?
1105 1457 1249 1511 sunt
1301 1456 1364 1510 et
1408 1447 1713 1531 quiequid
1744 1446 2057 1512 Constans
2100 1458 2408 1535 augustus
2454 1447 2534 1513 de
2576 1449 2793 1512 Roma

739 1531 1084 1599 abstulerat
1127 1530 1494 1617 depraedati
1540 1539 1687 1594 sunt
1702 1542 1751 1595 8.

323 1623 400 1677 ⁸1>-
434 1619 694 1680 141.*14,
737 1617 841 1681 De
883 1626 1084 1680 morte
1130 1615 1344 1695 Gisae,
1389 1615 1623 1678 sororis
1666 1614 2022 1680 Romualdi.

597 1703 695 1766 15.
740 1701 844 1765 De
866 1699 1099 1785 pluviis
1125 1710 1187 1763 et
1209 1699 1525 1780 tonitruis,
1550 1720 1716 1783 quae
1732 1721 1807 1763 eo
1831 1709 2115 1786 tempore
2130 1700 2365 1765 nimiae
2386 1699 2592 1764 factae
2615 1712 2787 1765 sunt.

599 1785 726 1850 163¹
741 1782 1079 1865 Quomodo
1145 1805 1261 1846 rex
1325 1781 1663 1846 Grimuald
1719 1783 2275 1847 Transamundum
2344 1785 2573 1849 ducem
2630 1794 2792 1870 aput

741 1865 1096 1966 Spoletium
1163 1865 1479 1930 ordinavit
1545 1867 1760 1953 eiquei
1842 1890 2023 1932 suam
2087 1866 2283 1931 filiam
2336 1871 2405 1933 in
2468 1869 2789 1932 matrimo-

739 1952 962 2016 mumk
1004 1949 1284 2014 tradidit.

599 2037 697 2100 17.
742 2035 933 2117 Quod
974 2036 1043 2097 in
1083 2032 1370 2098 Foroiuli
1424 2042 1572 2120 post
1615 2034 1986 2099 Grasulfum
2029 2035 2173 2121 Ago
2216 2035 2524 2102 ducatum
2567 2035 2773 2116 tenuit,

742 2121 838 2184 etl
886 2128 1034 2205 post
1072 2117 1242 2181 hune
1272 2140 1492 2183 eorum
1524 2118 1751 2183 ductor
1791 2119 1892 2183 Lu
1940 2143 2015 2184 us
2060 2121 2322 2186 effeetus
2366 2133 2479 2186 est.

597 2201 1087 2284 18.mQu0m0do
1131 2201 1396 2288 Lupus¹¹
1440 2202 1577 2266 dux
1619 2213 1839 2268 eontra
1945 2204 2329 2269 rimualdum
2376 2203 2726 2270 rebellavit.

597 2289 694 2352 19.
742 2286 1080 2368 Quomodo
1123 2285 1144 2347 i
1195 2297 1298 2350 se⁰
1341 2285 1477 2349 dux
1520 2285 1758 2350 bellum
1804 2298 2025 2352 eontra
2068 2291 2314 2355 Avares
2356 2289 2575 2374 gessit.

594 2371 697 2436 20.
737 2372 842 2436 De
898 2379 1100 2434 morte
1213 2371 1370 2454 upiv
1425 2369 1626 2453 duciS‚
1682 2380 1744 2434 et
1796 2372 2113 2456 quomodo
2166 2375 2411 2438 Avares
2464 2370 2795 2436 Foroiula-

741 2475 968 2518 norum
1010 2452 1166 2517 fines
1212 2453 1583 2539 depraedati
1626 2466 1789 2519 sunt.

595 2538 697 2602 21.
743 2536 1080 2620 Quomodo
1125 2535 1368 2602 Avares
1410 2538 1696 2604 nolentes
1742 2538 1821 2602 de
1864 2539 2147 2604 Foroiuli
2207 2543 2383 2606 exire
2428 2539 2793 2606 Grimualdi

743 2623 974 2685 astutia
1017 2619 1267 2705 expulsi
1309 2632 1473 2685 sunt.

597 2705 699 2769 22.
743 2705 847 2768 De
889 2703 1232 2785 Arnefrit‘l,
1277 2702 1406 2769 filio
1450 2705 1641 2790 Lupi.

598 2788 701 2852 23.
744 2788 860 2912 Det
890 2788 1202 2935 {Vilcgtxaizir
1243 2787 1772 2853 Foroiulanorum
1816 2791 1999 2873 duee,
2054 2800 2118 2855 et
2174 2791 2287 2856 des
2331 2794 2469 2858 eius
2517 2794 2795 2858 victoria

599 2955 700 3020 24.
743 2870 895 3019 {eeu
939 2893 1142 3020 tctiorte
1160 2918 1492 3039 ‘Wietamin
1538 2965 1603 3021 et
1645 2957 1963 3042 quomodo
2010 2960 2069 3024 ei
2096 2958 2422 3024 Laudariw
2467 2961 2797 3042 successit,

745 3049 848 3104 et¹
893 3039 971 3104 de
1009 3038 1336 3139 Rodoaldo
1349 3053 1399 3123 Y,
1431 3042 1556 3188 gui
1597 3052 1743 3140 post
1785 3065 1931 3107 eum
1958 3043 2277 3143 ‘ducatum
2318 3046 2542 3110 tenuit.

599 3124 730 3192 25.z
744 3123 1429 3273 fffiffiorssffigvffinmual
1525 3125 1764 3189 fihama
1805 3127 1976 3212 Lup1
2020 3127 2202 3193 ducis
2260 3128 2619 3194 Romualdo
2684 3151 2799 3194 suo

600 3293 732 3358 26))
770 3292 1108 3374 Quomodo
1174 3305 1318 3357 rex0
1384 3291 1721 3357 Grimuald
1784 3295 1862 3359 de
1930 3297 2062 3359 suis
2122 3319 2188 3361 se
2248 3301 2801 3387 contemptoribus

747 3374 918 3439 ultus
963 3385 1076 3440 est.

561 3551 605 3606 a)
639 3565 841 3595 sororem
871 3556 908 3594 E
942 3558 981 3595 1.
1014 3556 1051 3594 F
1083 3556 1124 3594 4.
1160 3553 1201 3595 G
1232 3553 1292 3598 ⁸2.
1329 3558 1370 3597 2.
1402 3557 1444 3598 3.
1475 3557 1519 3596 4.
1653 3557 1700 3611 b)
1728 3559 1793 3600 ita
1822 3559 1863 3598 A
1898 3563 1947 3610 13
1990 3561 2049 3600 ad
2078 3562 2397 3602 Beneventum
2431 3563 2467 3605 G
2500 3567 2551 3616 13
2585 3578 2619 3606 s.
2648 3568 2801 3608 Bene—

559 3616 747 3653 ventum
778 3615 821 3654 D
856 3615 906 3664 23
954 3624 982 3652 a
1010 3615 1279 3655 Benevento
1310 3616 1347 3654 F
1382 3618 1423 3668 1,
1455 3618 1595 3658 ceteri.
1746 3617 1789 3670 e)
1822 3620 2002 3660 Mutela
2032 3621 2072 3659 D
2108 3622 2158 3669 23
2204 3622 2365 3661 Mitalo
2400 3621 2455 3663 G.
2491 3647 2545 3654 —
2580 3626 2801 3676 Capsum

563 3671 605 3712 G
635 3668 697 3712 ’2.
734 3673 784 3723 2;
829 3672 1014 3722 Gapnus
1045 3673 1080 3714 G
1114 3675 1152 3714 1.
1301 3672 1348 3726 d)
1381 3675 1439 3714 ad
1469 3677 1513 3714 D
1547 3678 1617 3716 la.
1653 3675 1693 3716 G
1724 3677 1765 3716 3.
1798 3679 1827 3717 4
1860 3677 1991 3730 (corr.
2024 3677 2121 3730 ab).
2267 3679 2311 3732 e)
2345 3683 2564 3724 Mezentii
2593 3685 2635 3725 D
2675 3687 2720 3725 2.
2754 3687 2807 3732 ὃς

561 3731 741 3770 Metetii
788 3730 822 3771 Ο
856 3734 906 3780 13
954 3733 1147 3771 Meceeii
1175 3733 1212 3771 F
1246 3735 1284 3772 1.
1445 3733 1480 3784 f)
1513 3746 1627 3776 corr.
1672 3736 1837 3786 depop.
1887 3738 1927 3778 A
1961 3740 1999 3789 1,
2048 3743 2085 3778 et
2114 3739 2179 3778 ita
2222 3741 2262 3780 Ε
2297 3743 2338 3783 1.
2387 3742 2425 3780 F
2458 3742 2502 3783 5.
2552 3743 2596 3784 G
2626 3741 2695 3784 ·2.
2728 3744 2801 3784 5⁸.

563 3787 609 3840 g)
641 3789 752 3828 deest
785 3788 827 3830 G
857 3787 918 3828 ⁸2.
955 3791 997 3830 2.
1033 3791 1088 3840 83
1121 3792 1408 3840 depraedatis
1439 3793 1476 3832 F
1511 3796 1552 3833 l.
1671 3793 1719 3846 11)
1752 3807 1847 3845 ary.
1883 3798 2069 3838 16-21,
2106 3798 2177 3838 23.
2210 3799 2296 3841 des.
2328 3801 2372 3840 D
2408 3801 2452 3842 2.
2590 3800 2625 3853 i)
2660 3802 2803 3852 eique

567 3871 619 3878 —
649 3849 764 3887 trad.
809 3849 896 3890 des.
924 3849 980 3890 Η.
1129 3848 1178 3901 k)
1211 3851 1504 3891 matrimonio
1551 3851 1592 3893 G
1621 3852 1666 3893 4.
1818 3851 1853 3905 1)
1888 3859 1935 3896 et
1967 3878 2019 3885 —
2070 3861 2140 3897 est
2170 3857 2255 3898 dee.
2288 3859 2345 3900 Η.
2498 3857 2565 3910 m)
2595 3863 2675 3901 Ιιοσ
2706 3873 2805 3910 ary.

556 3911 657 3956 poet
687 3907 827 3956 suppl.
862 3906 902 3948 G
931 3908 978 3948 4.
1096 3906 1146 3959 n)
1178 3909 1310 3959 Lupo
1340 3910 1377 3948 F
1396 3912 1435 3950 1.
1472 3910 1527 3951 G.
1650 3910 1694 3963 o)
1730 3913 1771 3952 d.
1802 3913 1834 3954 i.
1869 3913 1923 3954 G.
2044 3914 2093 3967 p)
2125 3917 2311 3966 Luponi
2340 3919 2393 3958 F.
2430 3918 2485 3971 G,
2518 3925 2557 3960 et
2588 3921 2651 3959 ita
2682 3921 2803 3959 dein-

559 3977 654 4016 ceps
685 3965 910 4019 (Luponis
938 3979 972 4008 c.
1006 3967 1076 4005 22.
1113 3965 1190 4018 G).
1308 3966 1353 4019 q)
1383 3967 1590 4010 Arnifrid
1621 3970 1663 4010 D
1700 3973 1741 4012 1.
1772 3973 1823 4013 F.
1860 3971 1924 4023 G;
1972 3973 2205 4015 Garnefrit
2232 3977 2279 4016 H
2312 3978 2353 4018 1.
2491 3977 2533 4030 r)
2567 3979 2799 4020 wiethnri

563 4025 605 4066 G
637 4028 687 4075 13
719 4026 926 4066 Wittarit
953 4026 991 4064 F
1026 4026 1074 4074 13
1104 4027 1279 4066 Victari
1312 4026 1352 4067 G
1385 4029 1434 4076 2;
1481 4029 1632 4069 Wieta
1665 4029 1705 4071 G
1738 4031 1788 4080 ὃς
1834 4032 2039 4073 Weetari
2070 4034 2113 4073 D
2149 4037 2172 4074 1
2206 4047 2227 4074 e
2256 4047 2371 4077 corr.
2403 4037 2449 4077 D
2485 4040 2524 4077 2.
2561 4039 2611 4088 93
2658 4039 2795 4079 Wec-

558 4086 668 4124 tarit
695 4085 738 4124 D
769 4085 820 4136 33
863 4084 1061 4126 Withari
1099 4086 1123 4124 Ι
1156 4087 1196 4126 1.
1346 4083 1385 4137 s)
1417 4087 1527 4125 deest
1572 4089 1614 4127 D
1646 4089 1689 4130 4.
1743 4089 1783 4130 G
1814 4091 1855 4131 2.
2020 4089 2056 4142 t)
2090 4093 2146 4133 de
2194 4092 2240 4134 S.
2291 4096 2378 4139 dee.
2426 4096 2474 4138 G.
2516 4097 2577 4140 D.
2607 4098 2663 4139 H.
2697 4099 2729 4136 Ι
2760 4099 2801 4136 1.

561 4140 608 4193 u)
642 4145 713 4183 De
744 4155 803 4182 m.
833 4145 918 4184 des.
953 4143 994 4184 G
1025 4143 1065 4182 3.
1097 4145 1142 4184 4.
1291 4141 1338 4195 v)
1371 4145 1577 4185 wactari
1605 4147 1649 4186 H
1681 4150 1720 4187 1.
1868 4147 1928 4201 w)
1961 4150 2185 4192 Laudarit
2228 4154 2272 4193 D
2305 4154 2356 4204 ὃς
2388 4155 2622 4197 Laudariu
2650 4157 2705 4196 D
2742 4156 2785 4194 2.

560 4199 608 4252 x)
641 4205 688 4242 et
719 4225 770 4232 —
817 4204 967 4244 tenuit
994 4203 1079 4243 dee.
1111 4204 1154 4242 D
1188 4203 1227 4244 9..
1258 4201 1316 4244 H.
1465 4202 1514 4255 y)
1548 4205 1724 4246 Roaldo
1756 4207 1798 4246 A
1832 4211 1883 4258 13
1928 4209 2076 4250 Roald
2110 4210 2144 4252 G
2174 4209 2235 4259 *1,
2280 4225 2397 4256 corr.
2432 4216 2637 4255 Rodoald
2666 4217 2717 4255 D
2752 4216 2795 4262 1,

559 4265 596 4298 et
628 4261 690 4299 ita
718 4261 742 4300 1
761 4264 801 4312 1,
831 4263 930 4312 alii3
961 4262 1160 4302 Rodoalt
1191 4262 1225 4303 Ο
1243 4263 1283 4302 1.
1403 4259 1445 4313 z)
1478 4264 1554 4302 hoc
1584 4276 1677 4314 ary.
1710 4267 1821 4307 deese
1850 4270 1893 4308 D
1913 4268 1955 4310 3.
1988 4271 2041 4318 43
2064 4276 2167 4320 post
2198 4282 2379 4322 sequens
2416 4275 2591 4314 collocat
2616 4274 2659 4313 D
2694 4270 2791 4312 ⁸3⁸.

559 4315 604 4368 a)
639 4319 736 4358 filia
765 4321 802 4358 F
835 4322 872 4361 1.
993 4319 1041 4372 b)
1072 4322 1148 4360 hoc
1177 4333 1272 4370 ary.
1299 4325 1402 4370 post
1431 4323 1572 4371 suppl.
1608 4321 1649 4364 G
1682 4325 1721 4365 2.
1845 4325 1886 4378 o)
1921 4329 2031 4369 deest
2064 4330 2115 4373 C.
2145 4330 2203 4372 D.
2235 4331 2289 4370 F.
