2984 4917
530 413 598 463 12
984 411 1206 464 PAULI
1244 410 1594 464 HISTORIA
1631 409 2305 462 LANGOBARDORUM.

698 578 1248 664 Qualemcumque
1290 579 1383 644 tui
1428 575 1671 659 famuli,
1713 600 1831 643 rex
1873 599 2125 662 magne,
2167 574 2489 657 laborem,

698 663 1018 749 Quodque
1061 683 1243 727 sacro
1285 683 1492 747 nuper
1531 660 1852 726 mandasti
1890 660 2127 724 famine
2170 659 2377 741 condi,

696 745 884 810 Nunc
929 767 1091 831 opus
1134 755 1497 830 acceptam,
1540 743 1730 809 rutilo
1773 745 2078 809 comitare
2121 742 2359 808 favore.

697 831 777 894 In
864 851 948 894 uo
992 830 1048 893 si
1090 829 1248 916 quid
1290 829 1411 894 erit
1449 826 1615 892 labis
1634 839 1660 870 ἃ
1701 829 1965 915 vitiique
2008 827 2315 907 nocentis,

696 852 866 978 mua
907 923 1119 978 vestra
1160 935 1363 997 sagax
1402 913 1673 976 nimium
1716 912 2029 998 sapientia
2068 911 2350 997 purget,‘ss

698 997 789 1062 Ut
835 1018 916 1061 ue
957 996 1086 1095 legi
1175 1019 1244 1061 er
1286 1019 1472 1061 sacra
1514 1006 1708 1082 queat
1749 993 2073 1061 domicilia
2117 993 2373 1075 Christi,

699 1079 761 1144 N
851 1080 952 1145 ius
992 1091 1114 1145 titu
1160 1090 1306 1147 ante
1347 1079 1474 1144 fide
1518 1080 1573 1143 si
1618 1079 1906 1145 sensibus
1949 1078 2091 1142 altis

699 1164 930 1245 Enixe,
974 1173 1046 1227 ut
1087 1164 1299 1250 cupi0,
1341 1165 1572 1229 vestris
1612 1174 1960 1249 utcumque
2002 1162 2299 1248 placebit,

702 1248 992 1312 Firmum
1037 1247 1192 1313 ordo
1236 1248 1448 1333 capiat
1488 1257 1701 1312 vestra
1743 1247 2070 1313 sanctione
2112 1246 2426 1331 vigorem.

708 1385 892 1461 Quae
951 1387 1055 1450 hic
1117 1386 1193 1451 de
1254 1408 1371 1470 ope
1429 1387 1647 1450 sancti
1687 1386 2033 1450 Benedicti
2088 1394 2146 1448 et
2208 1385 2458 1449 abbatis
2502 1383 2787 1448 ‘domini

533 1473 660 1536 sui'
719 1472 897 1535 dicta
950 1479 1105 1534 sunt
1147 1471 1423 1534 suadere
1465 1470 1801 1550 videntur,
1860 1479 1931 1533 ut
1979 1469 2303 1555 qrandem
2348 1469 2520 1532 hanc
2574 1468 2784 1531 homi-

534 1554 782 1619 liarum
824 1553 1249 1619 collectionem
1295 1578 1338 1617 a
1380 1553 1595 1618 Paulo
1644 1552 1957 1618 Casinum
2000 1575 2254 1618 reverso
2297 1553 2551 1618 demum
2596 1551 2784 1615 abso-

535 1636 744 1702 lutam
787 1661 916 1703 esse
961 1647 1325 1702 statuamus
1343 1649 1384 1699 ¹.

706 1723 788 1786 In
818 1723 1116 1786 Francia
1140 1745 1310 1800 vero,
1349 1720 1788 1807 Anqilramno
1818 1723 2123 1808 episcopo
2154 1721 2431 1784 Metensi
2459 1727 2717 1804 petente
2732 1729 2786 1798 ²,

527 1828 743 1890 prope
787 1829 970 1891 quem
1013 1808 1086 1870 in
1131 1807 1415 1889 quodam
1457 1805 1642 1870 urbis
1672 1807 2065 1870 monasterio
2111 1805 2362 1870 diutius
2400 1804 2642 1868 vioeisse
2686 1805 2791 1866 vi-

350 1907 426 1962 ’μ
444 1913 516 1953 21.
538 1889 784 1972 deturss,
819 1888 1017 1954 Gesta
1046 1891 1309 1974 scripsit
1337 1891 1783 1973 episcoporum
1814 1889 2217 1970 Metensium,
2264 1911 2429 1973 opus
2460 1887 2579 1951 *ad
2618 1888 2791 1950 ima-

539 1974 758 2060 9inem
802 1972 1146 2037 Gestorum
1176 1973 1569 2058 pontificum
1618 1973 2067 2037 Romanorum
2120 1981 2527 2056 conceptum,
2587 1973 2792 2057 cujus

538 2057 746 2122 simile
791 2058 886 2121 cis
929 2057 1131 2141 Alpes
1173 2057 1464 2121 nondum
1509 2057 1834 2138 exstabat,
1937 2057 2070 2121 uod
2107 2066 2345 2142 postea
2386 2077 2534 2121 vero
2580 2077 2791 2140 quam

529 2140 813 2225 plurimi
840 2150 994 2205 sunt
1020 2142 1281 2206 imitati.
1348 2139 1489 2215 Quo
1521 2143 1716 2205 etiam
1746 2150 1818 2204 ut
1904 2139 2076 2205 aroli
2102 2157 2209 2205 ma
2229 2143 2402 2222 ’ores,
2423 2137 2792 2222 Arnolfum

538 2226 915 2310 episcopum
956 2227 1221 2311 ejusque
1254 2226 1701 2311 propayinem
1756 2227 2101 2310 ipsumque
2210 2224 2466 2289 arolum
2507 2222 2791 2288 celebra-

538 2317 653 2389 ret,
698 2318 933 2374 nactus
978 2319 1069 2371 est
1097 2310 1498 2373 occasionem
1510 2317 1557 2370 ¹⁸.
1642 2308 1989 2373 Praeterea
2030 2316 2185 2372 tunc
2208 2307 2528 2394 fortasse,
2569 2305 2791 2371 Adal-

539 2392 752 2456 hardo
799 2392 1025 2457 abbate
1074 2392 1443 2479 Corbejensi
1466 2393 1846 2478 flaqitante,
1906 2393 2211 2477 Gregorii
2253 2393 2307 2455 1.
2359 2413 2588 2476 papae
2646 2414 2681 2455 e
2730 2393 2792 2455 i-

541 2475 742 2538 stolas
772 2475 1229 2540 describendas
1258 2475 1829 2560 emendandasque
1870 2477 2170 2559 suscepit,
2212 2476 2328 2539 sed
2365 2414 2797 2561 aeqritudipne

541 2559 891 2642 impeditus
922 2560 1196 2623 nonnisi
1217 2560 1462 2623 minori
1489 2581 1719 2623 earum
1738 2561 1933 2644 parti
1954 2560 2126 2623 hanc
2150 2582 2379 2624 curam
2406 2559 2794 2643 impendere

531 2644 813 2727 potuit⁵.
900 2642 1268 2726 Epistolam
1310 2643 1464 2707 huic
1508 2641 1677 2706 libro
1710 2645 2143 2728 praemissam
2186 2666 2267 2708 ex
2296 2644 2512 2708 codice
2558 2643 2792 2706 arche-

543 2735 728 2812 typo,
786 2735 941 2790 tunc
983 2728 1057 2789 in
1099 2726 1478 2791 bibliotheca
1522 2725 1593 2792 S.
1641 2725 1959 2791 Germani
1999 2727 2371 2792 Parisiensi
2424 2737 2793 2808 asservat0‚

544 2812 736 2896 cujus
758 2810 926 2894 fata
967 2812 1303 2891 nescimus,
1357 2811 1751 2895 descriptam
1792 2809 2114 2875 Mabillon
2159 2811 2366 2875 edidit
2396 2819 2656 2895 partem
2704 2834 2795 2874 ue

547 2895 693 2958 aeri
731 2894 1021 2958 incidere
1047 2895 1220 2978 fecit
1237 2903 1280 2957 θ.
1371 2892 1614 2976 Quam,
1674 2917 1817 2958 cum
1877 2896 2163 2959 auctoris
2219 2897 2391 2959 vitae
2434 2904 2492 2959 et
2542 2904 2645 2958 stu
2698 2897 2796 2960 iis

544 2977 750 3042 lucem
795 2975 1046 3063 afferat,
1092 2978 1197 3042 hic
1241 3000 1491 3064 quoque
1535 2979 1946 3043 inserendam
1991 2979 2322 3044 duximus.

545 3102 592 3156 a)
625 3105 763 3144 labiis
795 3105 932 3153 Luqd.
973 3103 1081 3145 Mod.

548 3198 606 3267 1)
645 3199 735 3250 Ita
765 3207 901 3251 recte
921 3198 1087 3248 Dalm
1106 3216 1170 3264 p.
1192 3198 1262 3248 48
1284 3215 1360 3264 sq.
1396 3207 1582 3250 contra
1600 3199 1991 3250 Bethmannum
2024 3201 2101 3263 (p.
2125 3199 2229 3248 265
2260 3216 2315 3249 n.
2338 3198 2477 3258 301,-
2503 3199 2573 3263 cf.
2606 3205 2791 3252 tamen

535 3291 598 3340 Ρ.
615 3273 740 3324 249.
763 3273 916 3338 272).
971 3273 1026 3334 2)
1046 3272 1174 3323 Hist
1193 3271 1367 3340 Lany.
1391 3271 1483 3335 VI,
1504 3273 1592 3323 16.
1632 3274 1685 3336 3)
1706 3270 1953 3338 F42istola
1964 3287 2132 3337 supra
2151 3270 2296 3323 edita
2304 3271 2499 3337 procul
2515 3271 2679 3322 dubio
2702 3275 2793 3326 hic

543 3346 743 3411 scripta
779 3355 871 3396 est.
951 3344 1138 3410 Neque
1187 3354 1361 3397 tamen
1412 3346 1556 3396 locus
1609 3361 1644 3396 a
1680 3344 1904 3407 Pertzio,
1945 3342 2045 3395 SS.
2074 3343 2155 3407 II,
2184 3362 2249 3410 p.
2276 3344 2398 3407 260,
2446 3345 2644 3396 allatus
2690 3346 2791 3412 (ib.
2966 3297 2969 3444 i

533 3435 598 3484 Ρ.
628 3419 759 3485 263)
788 3418 958 3481 docet,
979 3417 1210 3469 Paulum
1235 3419 1363 3469 dum
1390 3418 1634 3470 scriberet
1672 3418 1746 3468 ibi
1770 3425 2106 3484 praesentem
2126 3418 2327 3484 fuisse.
2442 3419 2497 3481 4)
2541 3415 2620 3482 (ff.
2642 3435 2794 3484 quae

545 3490 790 3554 Bonnell,
813 3489 1062 3557 Anfc‘tnye
1073 3508 1134 3556 Ρ.
1150 3491 1238 3554 45,
1266 3498 1449 3542 contra
1467 3491 1858 3543 Bethmannum
1868 3508 1929 3556 p.
1948 3490 2072 3554 266,
2099 3489 2193 3556 qui
2216 3491 2373 3542 etiam
2394 3489 2588 3541 altiora
2606 3490 2795 3544 Paulo

546 3563 774 3615 tribuere
819 3566 1058 3614 voluerat
1110 3563 1348 3626 consilia,
1399 3564 1619 3616 monuit.
1696 3563 1847 3615 Inter
1892 3563 2125 3631 gloriosa
2174 3563 2366 3615 Karoli
2405 3564 2568 3630 facta
2622 3565 2797 3617 etiam

546 3636 1026 3704 Langobardorum
1061 3636 1424 3705 subjectionem
1461 3645 1691 3688 recenset
1726 3645 1774 3688 et
1813 3638 2125 3689 ‘clementem
2161 3637 2300 3704 reyis
2336 3637 2792 3703 moderationem',

547 3727 658 3776 qua
711 3709 1002 3774 ‘victoriam
1038 3709 1380 3776 temperavit',
1426 3709 1726 3774 praedicat.
1934 3709 1993 3777 5)
2042 3709 2201 3761 Totus
2240 3710 2490 3775 epistolae
2528 3718 2697 3774 tenor,
2744 3722 2797 3764 et

550 3784 765 3850 sinyula
801 3784 992 3844 verba,
1047 3791 1106 3833 ut
1156 3783 1372 3835 ‘Paulus
1422 3783 1682 3850 supplex',
1722 3799 1860 3848 quae
1899 3784 1965 3835 de
2004 3799 2058 3834 se
2095 3784 2363 3850 ‘paupere’
2402 3783 2597 3845 scribit,
2636 3787 2795 3849 quod

546 3857 802 3908 Mosellae
839 3853 1148 3908 mentionem
1171 3856 1331 3922 facit,
1371 3873 1574 3908 omnem
1608 3856 1989 3908 dubitationem
2028 3857 2230 3917 tollunt,
2270 3854 2402 3921 quin
2440 3856 2646 3908 Paulus
2702 3859 2797 3911 hic
2962 3791 2965 3950 i

545 3945 735 3981 revera
758 3939 934 3982 noster
957 3927 1025 3979 sit
1054 3927 1370 3981 Casinensis.
1445 3928 1722 3994 Mabillon,
1750 3928 1894 3980 Ann.
1923 3928 2004 3993 II,
2030 3947 2085 3994 p.
2115 3930 2237 3992 284,
2276 3929 2453 3994 ipsum
2464 3931 2585 3998 jam
2608 3946 2797 3984 senem

545 4002 604 4053 in
630 4018 726 4053 suo
751 4001 1068 4054 monasterio
1095 4002 1190 4054 hoc
1217 4019 1350 4068 opus
1375 4004 1682 4068 suscepisse,
1723 4002 1973 4070 opinatus
2001 4011 2091 4054 est.
2172 4001 2315 4053 Certe
2340 4000 2498 4054 nimis
2525 4003 2796 4057 audacter
2960 4053 2962 4058 .

545 4075 852 4127 Bethmann
879 4094 944 4142 Ρ.
980 4075 1105 4127 298.
1147 4077 1420 4141 epistolam
1459 4077 1534 4128 ad
1560 4076 1837 4128 Mosellam
1873 4075 2125 4142 scriptam
2162 4076 2443 4126 contendit.
2519 4076 2703 4128 Rheni
2742 4087 2795 4131 et
2960 4061 2963 4204 Ι

546 4149 801 4201 Mosellae
837 4148 1147 4202 mentionem
1185 4149 1342 4200 etiam
1368 4157 1563 4215 postea
1582 4150 1774 4214 facere
1803 4156 2017 4215 poterat
2026 4167 2045 4209 ‚·
2082 4149 2175 4201 sed
2213 4150 2436 4216 ‘pauper
2474 4156 2530 4202 et
2568 4151 2657 4201 cui
2693 4150 2793 4202 de-

546 4229 670 4276 sunt
704 4222 926 4274 librarii’
962 4224 1203 4290 fortasse
1252 4222 1420 4289 magis
1471 4221 1651 4273 itineri
1690 4221 1892 4274 Gallico
1944 4239 2103 4288 quam
2152 4222 2468 4274 monasterio
2510 4221 2797 4275 Oasinensi
2958 4267 2960 4278 .

546 4294 880 4348 conveniunt.
957 4295 1308 4347 Adalkardus
1344 4296 1458 4361 ipse
1485 4295 1820 4361 aliquamdiu
1860 4304 1981 4348 ante
2008 4313 2058 4346 a.
2090 4295 2211 4347 780.
2238 4293 2323 4346 hic
2347 4296 2638 4347 monachus
2669 4315 2791 4349 ver-
2958 4279 2961 4456 >

545 4377 694 4420 satus
713 4378 802 4435 est,
835 4369 956 4421 Vita
976 4387 1020 4421 c.
1050 4370 1135 4433 12,
1162 4367 1262 4420 SS.
1283 4369 1363 4433 II,
1381 4386 1443 4435 Ρ.
1466 4369 1572 4420 525
1586 4386 1605 4431 ,·
1625 4369 1695 4435 cf.
1717 4368 1924 4421 Mabill.
1944 4367 2087 4420 Ann.
2103 4368 2185 4432 H,
2204 4386 2264 4435 Ρ.
2289 4369 2414 4420 252.
2494 4368 2553 4436 6)
2582 4370 2723 4422 Acta
2742 4369 2793 4435 I,
