2984 4917
367 1551 442 1603 ⁸1).
477 1552 549 1595 96.

292 1611 527 1653 675—57‘1

115 1661 240 1756 βψω·
254 1681 274 1718 ¹¹
333 1697 402 1732 Ν

146 1776 278 1843 Hah-2

161 1851 216 1930 ΔΞ

567 403 668 452 116
855 399 1079 451 PAULI
1117 397 1470 450 HISTORIA
1507 397 2183 451 LANGOBARDORUM.
2262 398 2405 450 LIB.
2443 399 2549 449 111.

562 568 686 633 sibi
761 576 1009 632 tantum
1072 568 1326 630 tertiam
1389 574 1810 630 reservantes.
1924 564 1985 628 N
1986 565 2304 632 olentibus
2387 576 2602 630 autem
2668 565 2817 648 illis,

563 650 930 738 optulerunt
993 671 1145 714 cum
1207 659 1376 714 terra
1451 650 1643 713 etiam
1707 649 1922 712 omnia
1986 671 2252 734 pecora,
2319 659 2569 714 tantum
2636 660 2714 714 ut
2776 672 2817 712 a

561 735 770 801 bello¹¹
814 743 1152 800 cessarent.
1209 732 1372 798 'Sed
1427 755 1546 797 nec
1596 731 1720 796 hoc
1765 732 2055 798 Saxones
2098 734 2618 819 adquiescentes,
2682 755 2817 799 cer—

559 830 776 886 tamen
803 829 1116 904 expetunt
1155 827 1350 902 atque
1389 818 1557 881 inter
1585 838 1653 880 se
1684 824 1828 881 ante
1860 828 2196 900 certamen,
2230 816 2502 903 qualiter
2530 819 2815 882 uxoresb

563 904 923 970 Suavorum
946 901 1322 981 dividerent,
1353 910 1662 966 statuunt.
1710 899 1840 965 Sed
1869 921 1999 965 non
2028 903 2119 966 eis
2149 912 2221 966 ut
2242 902 2557 986 putabant
2580 903 2813 967 evenit.

561 988 728 1052 Nam
763 987 1103 1052 commisso
1134 984 1398 1071 proeli0,
1441 985 1671 1070 viginti
1702 983 1879 1048 milia
1924 1007 2009 1048 ex
2051 987 2143 1049 eis
2172 987 2598 1071 interempta⁶
2642 996 2813 1067 sunt,

567 1072 928 1138 Suavorum
968 1090 1121 1134 vero
1152 1069 1601 1154 quadringenti
1615 1069 1643 1110 ‘¹
1688 1070 2062 1154 octuaginta
2078 1081 2104 1112 ⁰
2149 1069 2533 1151 ceciderunt,
2579 1069 2817 1155 reliqui

563 1177 717 1220 vero
769 1155 1105 1219 victoriam
1162 1154 1444 1239 capiunt.
1540 1151 1673 1216 Sex
1729 1151 1906 1216 milia
1963 1175 2220 1239 quoque
2278 1155 2640 1234 Saxonum,
2704 1154 2820 1239 qui

537 1238 734 1327 {bello
793 1237 1263 1324 superfuerant,
1328 1236 1756 1318 devoverunt,
1822 1259 1891 1301 se
1908 1237 1929 1278 f
2000 1260 2211 1324 neque
2273 1236 2541 1301 barbam
2604 1259 2821 1322 neque

567 1321 832 1408 capillos
890 1321 1224 1401 incisuros,
1282 1321 1406 1384 nisi
1459 1342 1527 1384 se
1588 1320 1666 1386 de
1728 1321 1959 1384 Suavis
2001 1321 2291 1386 hostibus
2336 1321 2820 1386 ulciscerentur.

537 1398 704 1487 5Qui
747 1406 980 1471 iterum
1032 1427 1314 1490 pugnam
1373 1403 1850 1488 adgredientes,
1906 1403 2317 1470 vehementer
2372 1405 2590 1470 adtriti
2644 1415 2823 1488 sunt,

571 1501 634 1556 et
677 1491 771 1555 sic
812 1512 851 1553 a
893 1487 1061 1554 bello
1107 1489 1488 1574 quieverunt
1502 1499 1553 1550 8.

737 1579 761 1604 *
785 1575 844 1639 8.
929 1574 1085 1638 Post
1103 1585 1123 1619 ¹
1161 1571 1318 1637 haec
1345 1582 1476 1637 tres
1504 1571 2082 1656 Langobardorum
2104 1573 2318 1655 duces,
2362 1573 2428 1638 id
2459 1583 2556 1638 est
2582 1570 2761 1637 Amo
2774 1573 2821 1656 ¹¹,

570 1657 796 1722 Zaban
853 1678 927 1720 ac
980 1657 1306 1738 RodanuS,
1374 1655 1618 1720 Gallias
1670 1658 2069 1743 inruperunt.
2183 1658 2271 1722 Et
2325 1659 2494 1720 Amo
2549 1656 2820 1742 quidem

567 1741 1095 1807 Ebredunensem
1155 1762 1423 1827 carpens
1491 1741 1700 1822 viam,
1770 1763 1974 1827 usque
2042 1739 2497 1806 Machoavillai
2513 1789 2529 1821 ,
2615 1763 2823 1826 quam

567 1825 964 1890 Mummulus
1007 1847 1268 1889 munere
1325 1824 1494 1908 regis
1539 1836 1874 1909 meruerat,
1930 1827 2199 1891 accessit
2239 1826 2327 1890 ibi
2374 1848 2457 1890 ue
2498 1826 2822 1890 tentoria¹¹

570 1910 744 1992 fixit3
785 1909 1011 1974 Zaban
1071 1931 1228 1974 vero
1334 1931 1404 1974 er
1446 1909 1795 1974 Deinsem¹
1850 1908 2246 1974 descendens
2289 1932 2367 1973 ur
2416 1931 2545 1990 em,
2604 1931 2821 1996 usque

483 2053 488 2057 .
567 1993 933 2059 Valentiam
988 1995 1194 2074 venit3
1324 1991 1570 2057 odanus
1628 2003 1845 2058 autem
1901 1992 2388 2079 Gratianopolin
2406 2005 2447 2036 ¹¹¹
2489 1993 2825 2058 civitatem

567 2077 911 2164 adgressus
954 2087 1068 2142 est.
1154 2078 1242 2141 Et
1267 2075 1436 2140 Amo
1483 2076 1745 2162 quidem
1774 2076 2252 2142 Arelatensem¹¹
2296 2076 2634 2143 debellavit
2671 2099 2825 2162 pro-

568 2163 848 2227 vinciam
907 2183 1054 2225 cum
1108 2161 1377 2226 urbibus
1424 2162 1576 2247 qui⁰
1618 2162 2025 2226 circumsitae
2084 2163 2300 2244 sunt*;
2360 2173 2423 2228 et
2477 2183 2551 2224 us
2599 2183 2685 2225 ue
2740 2159 2826 2225 ad

568 2247 784 2333 ipsum
840 2245 1202 2332 Lapideum
1277 2266 1599 2330 campum,
1677 2246 1789 2331 qui
1844 2245 2098 2310 adiacet
2160 2245 2309 2311 urbi
2364 2245 2558 2309 Mass'
2610 2247 2761 2310 ensi
2774 2258 2821 2328 Ρ,

569 2330 912 2412 accedens,
954 2331 1295 2394 universa²
1343 2351 1507 2414 quae
1535 2330 1897 2415 repperire‘!
1939 2340 2191 2416 poterat
2220 2328 2643 2416 depopulatus
2692 2340 2824 2412 est3

624 2455 672 2523 ⁴¹)
711 2459 740 2507 Ι
778 2459 810 2506 3
852 2456 1034 2507 addit:
1080 2473 1303 2522 quorum
1360 2457 1579 2507 nomina
1615 2456 1718 2506 hec
1757 2461 1907 2507 sunt:
1948 2456 2197 2523 Avinion,
2250 2458 2526 2519 Arausica,
2588 2457 2819 2520 Vasiom

715 2530 1036 2596 Vapincum.
1124 2530 1208 2578 De
1261 2528 1472 2596 presule
1528 2531 1697 2596 ipsius
1749 2530 1912 2581 urbis.
2004 2531 2116 2582 Sub
2165 2532 2283 2596 ipso
2334 2537 2573 2597 tempore
2623 2531 2821 2581 urbem

715 2603 856 2653 hanc
890 2609 944 2652 et
981 2602 1269 2652 ecclesiam
1307 2603 1561 2654 nobiliter
1600 2609 1653 2653 et
1677 2608 1891 2654 strenue
1930 2605 2156 2668 regebat
2191 2605 2419 2669 insignis
2454 2602 2633 2670 presul
2672 2605 2821 2654 Pan-

719 2678 926 2726 cracius
965 2677 1179 2727 nomine
1194 2675 1238 2727 ³.
1315 2677 1420 2738 Qui
1458 2692 1577 2726 cum
1620 2683 1878 2741 cerneret,
1916 2692 1975 2728 se
2026 2693 2364 2744 nequaquam
2404 2677 2641 2728 hostibus
2682 2679 2819 2728 resi-

717 2756 856 2800 stere
895 2764 1070 2815 posse,
1109 2748 1442 2814 aliquamdiu
1488 2749 1823 2800 obsidionem
1872 2751 2163 2817 perferens,
2208 2751 2407 2802 dehinc
2456 2751 2527 2802 ad
2578 2756 2820 2801 montem

717 2823 1053 2883 tutissimum,
1093 2823 1184 2888 qui
1233 2823 1705 2890 inexpugnabilem
1744 2823 2022 2874 obtinebat
2067 2824 2431 2888 munitionem,
2466 2826 2523 2875 in
2560 2838 2660 2874 sua
2700 2823 2820 2874 dio·

719 2898 883 2946 cesim
938 2895 1188 2962 positum,
1242 2897 1456 2946 nomine
1516 2896 1914 2961 Vodoliensem,
1965 2913 2086 2947 cum
2146 2898 2390 2948 omnibus
2448 2913 2553 2964 que
2610 2896 2818 2947 habere

714 2973 940 3035 poterat,
977 2970 1259 3020 imminens
1316 2971 1546 3019 exicium
1604 2968 1899 3033 declinans,
1955 2965 2196 3021 secessit.
2290 2970 2363 3021 Et
2399 2971 2534 3022 Amo
2591 2969 2818 3036 quidem

715 3043 1049 3093 obsidionem
1086 3041 1328 3109 predicte
1357 3043 1503 3093 urbis
1542 3057 1755 3108 parans,
1794 3059 1861 3093 ac
1888 3059 1951 3094 eo
1992 3049 2152 3110 capta
2190 3049 2354 3109 atque
2378 3059 2413 3094 a
2448 3042 2815 3094 fundamentis

715 3131 918 3184 eversa,
958 3131 1250 3181 omnesque
1279 3117 1370 3181 qui
1395 3116 1451 3164 in
1479 3131 1545 3165 ea
1584 3118 1782 3180 reperti
1820 3121 1957 3179 sunt,
1997 3117 2248 3182 quoniam
2275 3134 2333 3168 se
2373 3123 2561 3184 sponte
2597 3115 2817 3166 tradere

711 3189 1010 3253 noluerunt,
1049 3189 1231 3255 gladio
1270 3196 1392 3239 sunt
1427 3189 1709 3256 perempti.
1785 3189 1999 3240 Dehinc
2034 3191 2299 3253 universa,
2339 3192 2505 3254 vicos,
2540 3190 2699 3240 urbes
2724 3187 2818 3240 vel

714 3263 956 3326 castella,
1010 3279 1114 3329 que
1166 3263 1437 3328 repperire
1495 3267 1721 3327 poterat,
1759 3278 1931 3328 usque
1970 3263 2039 3313 ab
2096 3265 2272 3330 ipsum
2320 3264 2619 3331 Lapideum
2665 3278 2815 3313 cam-

712 3353 838 3403 pum
877 3343 974 3388 etc.

568 3461 614 3513 a)
649 3463 706 3502 ab
737 3463 824 3503 illo
856 3474 970 3502 corr.
1005 3462 1062 3501 ab
1092 3461 1190 3501 illis
1221 3463 1260 3501 F
1279 3465 1318 3514 1,
1350 3468 1388 3501 et
1417 3463 1481 3501 ita
1512 3461 1549 3501 Ε·
1577 3457 1639 3503 ⁸2.
1672 3462 1714 3504 4.
1750 3461 1805 3505 G.
1940 3461 1987 3514 b)
2021 3473 2167 3505 uxore
2198 3462 2337 3504 Suav.
2368 3464 2405 3503 F
2439 3464 2480 3506 1.
2602 3461 2641 3516 c)
2672 3465 2819 3504 inter-

566 3521 662 3560 enti
691 3521 734 3560 A
761 3521 815 3570 43
861 3521 1128 3569 interempti
1157 3522 1216 3560 D.
1246 3522 1283 3561 Γ
1317 3519 1380 3560 ’2.
1413 3521 1455 3562 G
1487 3521 1529 3561 3.
1562 3520 1635 3562 5a.
1655 3532 1694 3562 c.
1726 3522 1771 3561 H
1805 3523 1843 3561 1.
1876 3523 1900 3562 1
1932 3524 1982 3572 13
2024 3523 2247 3572 interepti
2280 3522 2316 3562 C
2349 3523 2397 3572 13
2431 3523 2657 3563 interfecti
2690 3523 2731 3563 C
2768 3525 2815 3562 2.

567 3577 614 3630 d)
648 3580 859 3628 quadi-ig.
890 3581 927 3620 Γ
948 3583 986 3620 1.
1107 3577 1152 3629 e)
1183 3580 1246 3619 ita
1276 3580 1319 3620 A
1338 3582 1380 3620 1.
1413 3580 1458 3619 4.
1487 3581 1531 3619 D
1552 3582 1601 3630 13
1633 3581 1905 3628 octuoginta
1934 3582 2040 3630 1³23
2071 3583 2309 3630 octoginta
2338 3582 2439 3622 alii.
2478 3603 2526 3612 —·
2546 3582 2690 3622 occid.
2710 3582 2753 3620 F
2774 3584 2813 3621 1.

566 3637 602 3687 f)
635 3639 718 3678 sed
747 3639 789 3678 A
821 3640 862 3680 2.
984 3637 1031 3688 g)
1062 3643 1302 3679 cessarunt
1333 3638 1458 3680 G5c.
1578 3637 1625 3691 h)
1658 3640 1807 3679 Hamo
1840 3640 1882 3678 D
1902 3640 1927 3679 3
1960 3645 2233 3692 constanter-3
2262 3640 2403 3681 Anno
2436 3640 2528 3684 02.
2562 3663 2613 3671 —
2642 3639 2814 3680 Laban

566 3697 603 3736 F
636 3697 660 3736 2
693 3701 828 3737 const.
978 3696 1013 3749 i)
1045 3697 1109 3736 ita
1154 3696 1193 3735 A
1227 3700 1268 3738 1.
1300 3695 1362 3737 ⁸2.
1394 3699 1432 3738 E
1469 3701 1518 3746 ις
1565 3698 1921 3738 Machaovillam
1970 3698 2013 3738 A
2043 3701 2084 3738 2.
2118 3699 2161 3741 3.
2194 3702 2238 3740 4.
2273 3699 2315 3740 5.
2350 3699 2404 3740 Β.
2436 3700 2487 3742 F.
2528 3699 2570 3741 G
2602 3701 2641 3740 1.
2675 3699 2725 3738 2.
2762 3699 2819 3746 ὃς

566 3755 926 3796 Machauvillam
960 3755 1002 3797 G
1034 3756 1087 3805 53
1133 3757 1416 3797 Machovilla
1443 3757 1486 3796 D
1522 3759 1577 3806 13
1626 3757 1955 3797 Machovillam
2005 3757 2045 3798 G
2075 3758 2119 3800 4.
2156 3757 2190 3798 G
2221 3763 2259 3798 et
2282 3759 2483 3808 plerique
2510 3759 2577 3808 D?
2622 3757 2815 3798 Mocho-

565 3814 728 3854 villam
759 3815 804 3854 H
837 3817 876 3855 ι.
996 3813 1047 3866 k)
1079 3817 1327 3858 tentoriam
1375 3815 1416 3856 G
1448 3817 1489 3856 8.
1521 3817 1565 3858 4.
1698 3815 1733 3867 1)
1767 3817 1946 3858 Deinse
1991 3817 2032 3856 A
2065 3818 2104 3856 1.
2135 3817 2180 3856 H
2215 3819 2265 3867 13
2312 3818 2541 3858 Deensem
2570 3817 2608 3857 Ε
2640 3819 2697 3865 13
2732 3817 2817 3856 Di-

566 3883 725 3914 ensem
757 3873 808 3914 C.
841 3875 911 3924 D3
941 3875 1212 3914 Dunensem
1245 3874 1286 3916 G
1318 3874 1392 3916 5b.
1411 3886 1458 3924 ος
1490 3875 1807 3932 ῌεὶιιᾱοιιεοιιι
1837 3875 1875 3914 L
1909 3877 1958 3926 13
1988 3877 2214 3918 Deinsem
2245 3887 2359 3916 corr.
2393 3875 2640 3916 Ardensem
2674 3874 2725 3915 G
2764 3877 2818 3924 13

565 3932 676 3971 decet
707 3933 744 3972 1¹*
775 3931 818 3974 5.
967 3932 1030 3985 m)
1061 3934 1125 3973 ita
1175 3935 1213 3972 A
1250 3937 1290 3974 1.
1337 3933 1374 3973 Ε·
1407 3937 1448 3974 1.
1502 3932 1543 3974 G
1574 3936 1621 3984 13
1674 3933 2027 3984 Gramnopolim
2073 3934 2114 3975 A
2147 3935 2202 3984 ὃς
2250 3933 2612 3986 Gratianopolim
2652 3936 2811 3974 ceteri.

565 3989 616 4042 n)
647 3991 923 4032 Aretensem
958 3992 999 4032 G
1033 3994 1074 4034 1.
1109 3993 1150 4033 3.
1183 3994 1226 4046 4,
1259 4002 1373 4034 corr.
1420 3992 1747 4034 Arelate-neem
1776 3994 1813 4032 F
1847 3994 1887 4032 1.
1928 4016 1979 4024 --
2026 3994 2285 4034 devastavit
2330 3995 2369 4034 A
2403 3995 2443 4035 2.
2483 4017 2531 4024 —
2560 3993 2816 4044 provincia

564 4051 602 4092 F
637 4053 677 4093 1.
713 4050 755 4091 G
789 4054 832 4090 1.
925 4048 971 4101 o)
1001 4051 1066 4090 ita
1096 4051 1195 4092 Al.
1227 4049 1289 4093 ’2.
1319 4053 1358 4092 Β
1393 4052 1434 4092 1.
1470 4053 1511 4091 D
1547 4054 1587 4092 1.
1617 4053 1654 4092 1¹*
1688 4054 1729 4092 1.
1764 4051 1863 4104 Gl,
1894 4063 1988 4091 cum
2020 4052 2171 4103 Gna&
2203 4063 2324 4102 qnae
2355 4054 2495 4093 ceteri.
2578 4049 2625 4102 p)
2640 4050 2813 4092 Masil-

565 4110 608 4149 A
640 4110 683 4150 3.
715 4111 753 4150 Β
789 4111 830 4151 1.
865 4109 908 4151 G
941 4110 983 4151 3.
1016 4111 1058 4149 4.
1091 4111 1115 4150 1
1149 4113 1197 4160 13
1229 4111 1415 4151 Mansil.
1450 4110 1485 4151 C
1521 4112 1562 4151 1.
1686 4108 1734 4162 q)
1768 4112 2026 4162 repperiret
2055 4113 2092 4152 1¹*
2125 4114 2168 4153 1.

570 4221 626 4288 1)
667 4223 823 4290 (ἶνες.
861 4222 965 4286 IV,
1005 4225 1095 4275 44.
1245 4220 1305 4290 2)
1342 4225 1594 4276 universa
1634 4252 1701 4262 —
1744 4225 2099 4292 depopulatus
2140 4231 2221 4277 est
2257 4224 2425 4276 Pauli
2459 4231 2577 4275 sunt
2610 4223 2809 4274 verba.

565 4294 626 4362 3)
664 4296 770 4346 Hic
797 4297 967 4363 plane
1003 4296 1214 4365 iynotus
1253 4313 1364 4349 esse
1400 4295 1645 4360 videtum
1688 4297 2113 4364 archiepiscopus
2159 4296 2484 4350 Arelatensis
2516 4305 2631 4347 tuno
2672 4304 2811 4348 tem-

554 4369 711 4434 poris
721 4369 840 4436 fuit
860 4367 1175 4436 sapaudus.

2950 3349 2953 3482 Ι

2930 4799 2940 4861 J
