2984 4917
286 2399 363 2454 ‘p.
398 2404 498 2445 189.

521 378 630 429 244
1011 374 1437 427 CATALOGUS
1478 368 2031 425 PROVINCIARUM
2070 369 2389 423 ITALIAE.

517 545 690 609 cium
733 564 955 607 versus
1000 539 1353 622 Aureliam,
1410 538 1490 603 ab
1538 539 1795 604 orientis
1850 546 2029 623 parte
2073 536 2433 601 Umbriam.
2519 538 2602 601 In
2642 538 2772 601 hac

563 627 850 693 rovincia
879 625 1104 706 Roma,
1148 645 1312 710 quae
1352 621 1696 709 aliquando
1727 622 1923 686 totius
1953 621 2177 685 mundi
2209 631 2404 706 caput
2432 622 2670 702 extitit,
2705 622 2772 684 in

516 650 789 776 {Imbria
816 709 1155 774 Perusium
1186 716 1248 771 et
1284 706 1500 771 lacum
1535 703 1838 771 Clitorius
1870 714 1933 769 et
1966 704 2010 769 S
2062 703 2359 769 oletiuma
2390 705 2771 770 consistunt.

686 794 927 875 Quinta
954 792 1290 877 provincia
1321 790 1677 875 Campania
1704 787 1785 853 ab
1817 788 1975 853 urbe
2074 810 2220 852 oma
2248 810 2451 874 usque
2482 787 2565 852 ad
2599 787 2770 853 Siler

517 878 802 941 Lucanie
865 875 1132 940 fluvium
1199 873 1582 939 extenditur.
1689 873 1768 935 In
1834 893 1961 970 qua
2029 872 2505 957 opulentissime
2570 873 2770 937 urbes

521 960 767 1046 Capua,
812 957 1150 1044 Neapolim
1193 968 1256 1023 et
1301 956 1637 1022 Salernum
1681 965 2023 1020 constltute
2066 964 2230 1019 sunt.

690 1044 889 1109 Sexta
915 1042 1246 1129 provincia
1272 1041 1537 1105 Lucana
1564 1039 1825 1104 inchoat
1852 1061 1891 1102 a
1919 1038 2117 1103 fluvio
2143 1037 2342 1104 Silere
2374 1060 2523 1102 cum
2554 1038 2772 1104 Oritia

519 1148 722 1213 usque
751 1126 835 1190 ad
878 1127 1110 1189 fretum
1157 1123 1444 1189 Siculum
1488 1145 1604 1209 per
1646 1144 1759 1187 ora
1800 1123 1994 1186 maris
2023 1122 2293 1205 Tirreni,
2328 1123 2493 1186 sicut
2536 1132 2601 1187 et
2636 1121 2769 1186 due

519 1211 876 1296 superiores
919 1210 1300 1307 provinciae,
1347 1207 1645 1271 dextrum
1687 1205 1869 1271 Italic
1913 1227 2114 1269 cornu
2154 1216 2396 1286 tenenS,
2416 1206 2769 1354 (pertingit.

516 1293 597 1357 In
641 1315 770 1379 qua
797 1301 1004 1379 poslte
1035 1301 1182 1356 sunt
1226 1292 1537 1371 civitatee,
1580 1288 1649 1353 id
1678 1300 1774 1353 est
1800 1291 2048 1371 Pestu8,
2092 1289 2375 1374 Laynus,
2472 1310 2765 1375 assanuS,

521 1376 842 1457 Cosentia,
868 1374 1166 1440 Malvitus
1211 1385 1274 1440 et
1313 1375 1611 1459 Regium.
1678 1376 1695 1393 ’

689 1459 976 1560 Septima
1003 1459 1336 1545 provincia
1361 1459 1430 1521 in
1456 1456 1814 1543 Apenninis
1845 1455 2123 1542 Alpibus
2150 1466 2553 1542 conputatur,
2642 1478 2769 1519 uae

519 1541 668 1607 inde
714 1544 1025 1628 originem
1069 1543 1355 1627 capiunt,
1397 1540 1510 1605 ubi
1540 1540 1622 1603 Al
1669 1562 1737 1605 es
1769 1539 1989 1605 Cotiae
2035 1540 2360 1605 finiuntur.
2426 1539 2531 1604 He
2644 1562 2766 1624 pes

519 1627 897 1712 Apenninae
1015 1647 1084 1690 er
1157 1625 1433 1689 mediam
1507 1625 1608 1688 Ita
1630 1646 1759 1688 1am
1837 1624 2305 1721 pertingentes,
2380 1623 2617 1687 Tuscia
2678 1622 2766 1686 ab

518 1709 754 1774 Emilia
811 1719 874 1774 et
994 1708 1202 1773 mbria
1256 1732 1296 1772 a
1351 1706 1751 1771 Flamminea
1804 1707 2195 1771 dlviduntur.
2292 1708 2367 1771 In
2469 1728 2551 1770 ua
2614 1716 2769 1770 sunt

520 1794 811 1859 civitates
852 1792 1284 1857 Feronianum
1327 1801 1390 1856 et
1431 1788 1948 1872 Montebellium,
2007 1791 2289 1855 Bovium
2332 1799 2395 1855 et
2502 1790 2768 1855 rbinum

517 1898 769 1941 necnon
826 1886 889 1940 et
945 1875 1253 1961 oppidum
1310 1874 1483 1961 quod
1540 1875 1798 1939 Verona
1839 1873 2217 1960 appellatur.

693 1962 942 2025 Octava
986 1959 1318 2045 provincia
1358 1956 1614 2039 Emilia,
1658 1958 1787 2021 inci
1836 1958 1971 2021 iens
2013 1978 2054 2019 a
2094 1958 2361 2043 Liguria
2454 1956 2769 2035 rovincia,

518 2043 687 2108 inter
739 2042 824 2107 Al
873 2065 942 2107 es
999 2042 1062 2106 A
1111 2043 1372 2107 enninas
1437 2052 1501 2106 et
1555 2041 1717 2105 Padi
1780 1980 2036 2123 ffuenta,
2101 2063 2324 2105 versus
2487 2061 2770 2104 vennam

565 2128 746 2213 ergit.
826 2066 1013 2191 {iaec
1082 2126 1481 2212 ocupletibus
1540 2124 1806 2190 urbibus
1864 2123 2077 2206 habet,
2130 2122 2481 2208 Plagentia,
2535 2122 2770 2207 Regio,

518 2150 767 2275 goonia
809 2220 872 2275 et
913 2210 1083 2274 Foro
1128 2208 1425 2291 Cornelii,
1470 2209 1655 2273 cuius
1699 2218 1978 2275 castrum
2021 2206 2225 2272 Imola
2266 2230 2348 2293 ap
2396 2206 2642 2271 ellatur.

686 2294 873 2358 Nona
914 2294 1246 2379 provincia
1299 2290 1631 2357 Flaminea
1686 2294 1895 2377 posita
1949 2302 2047 2357 est
2098 2292 2263 2356 inter
2307 2292 2367 2354 A
2390 2312 2506 2375 pes
2550 2288 2769 2375 Apen-

517 2377 702 2441 ninas
746 2388 808 2441 et
838 2399 1012 2441 mare
1040 2376 1462 2440 Adriaticum.
1550 2375 1629 2439 In
1671 2380 1833 2459 *qua
1877 2385 2025 2440 sunt
2063 2374 2461 2439 nobilissima
2504 2373 2769 2437 urbium

519 2461 826 2526 Ravenna
890 2471 952 2524 et
1016 2460 1298 2559 quinque
1355 2458 1517 2521 aliae
1569 2459 1861 2523 civitates
1920 2459 2291 2540 consistunt,
2359 2479 2485 2544 que
2548 2457 2765 2522 Greco

519 2543 832 2610 vocabulo
876 2541 1278 2628 Pentapohm
1320 2564 1402 2627 ap
1454 2540 1788 2607 ellanturb.

684 2627 962 2691 Decima
1030 2627 1366 2711 provincia
1406 2566 1726 2711 {icenum
1793 2626 2069 2689 occurrit
2132 2635 2278 2711 post
2334 2623 2766 2705 Flamineam,

517 2710 600 2775 ab
650 2720 864 2775 austro
918 2708 1111 2774 habet
1167 2708 1543 2794 Apenninos
1593 2718 1861 2789 monteS,
1918 2732 2003 2773 ex
2056 2707 2254 2773 altera
2308 2717 2489 2794 parte
2533 2706 2767 2771 Adria-

517 2794 718 2857 ticum
782 2813 976 2858 mare.
1070 2791 1253 2856 Haec
1316 2789 1639 2877 pertendit
1703 2813 1907 2877 usque
1971 2792 2055 2856 ad
2118 2790 2385 2856 fluvium
2449 2792 2763 2855 Piscaria.

517 2876 595 2940 In
638 2897 768 2961 qua
809 2885 956 2939 sunt
1009 2876 1299 2940 civitates
1341 2876 1617 2957 Firmus,
1675 2873 1953 2939 Asculus
1998 2885 2062 2941 et
2102 2877 2361 2957 PenniS,
2416 2877 2613 2959 etiam
2656 2897 2767 2939 ve-

517 2969 750 3025 tustate
795 2968 1208 3044 consumptae
1241 2958 1571 3106 [Hadriaej
1606 2970 1651 3021 θ.

684 3042 1042 3109 Undecima
1105 3043 1441 3127 provincia
1568 3040 1795 3122 aleria,
1874 3041 1981 3105 cui
2032 3041 2269 3105 Nursia
2320 3052 2418 3106 est
2484 3062 2764 3123 annexa,

517 3128 806 3191 consistit
846 3127 1012 3191 inter
1055 3126 1391 3191 Umbriam
1433 3134 1497 3189 et
1540 3123 1960 3209 Campaniam
2003 3134 2066 3189 et
2094 3124 2423 3205 Picenum,
2468 3146 2635 3211 quae
2678 3125 2765 3189 ab

518 3212 755 3275 oriente
802 3208 1134 3273 Samnium
1176 3210 1504 3295 regionem
1546 3208 1819 3293 attingit.
1906 3208 2047 3271 Hec
2087 3207 2282 3273 habet
2322 3207 2518 3272 urbes
2563 3207 2770 3272 Tibu-

514 3296 656 3377 rim,
702 3292 1026 3375 CarsioIiS,
1080 3294 1298 3372 Reate,
1341 3293 1701 3356 Forconem
1756 3301 1821 3355 et
1876 3290 2284 3357 Amiternum
2336 3301 2401 3356 et
2455 3291 2758 3377 regiones

515 3377 916 3441 Marsorum‘i
961 3387 1024 3441 et
1065 3397 1288 3441 eorum
1329 3375 1509 3440 lacus
1555 3377 1667 3461 qui
1710 3376 1992 3439 Focinus
2036 3373 2408 3460 appellatur.
2530 3432 2549 3457 ,

681 3459 1090 3524 Duodecima
1116 3460 1447 3545 provincia
1477 3458 1813 3523 Samnium
1840 3460 2005 3523 inter
2037 3459 2461 3557 Campaniam
2490 3466 2555 3523 et
2583 3480 2766 3522 mare

514 3540 915 3606 Adriaticum
967 3552 1030 3608 et
1071 3542 1394 3629 Apuliam.
1440 3542 1624 3623 Quae
1668 3565 1707 3605 a
1749 3542 2038 3606 Piscaria
2094 3542 2409 3628 incipiens
2466 3540 2761 3607 babetur.

513 3626 594 3689 In
644 3623 767 3688 hac
811 3636 958 3691 sunt
1000 3625 1191 3692 urbes
1236 3625 1497 3707 Theate,
1541 3624 1980 3707 Aufidianum,
2032 3624 2333 3690 Hisernia
2377 3633 2439 3690 et
2480 3626 2765 3713 antiqui-

513 3716 642 3772 tate
687 3718 1060 3794 consumpta
1091 3710 1242 3773 Sam
1246 3711 1491 3795 pnium,
1535 3732 1576 3773 a
1619 3731 1747 3795 qua
1776 3717 1909 3773 tota
1952 3710 2287 3794 provincia
2328 3709 2700 3773 nominatur
2712 3720 2763 3793 ⁰,

515 3801 581 3856 et
621 3793 765 3877 ipsa
806 3791 1034 3855 harum
1071 3794 1546 3878 provinciarum
1590 3802 1783 3877 caput
1826 3792 2141 3857 ditissima
2182 3792 2643 3857 Beneventum.
2786 3798 2793 3807 '

683 3875 899 3941 Tertia
942 3874 1192 3939 decima
1231 3876 1563 3960 provincia
1589 3875 1847 3961 Apulia,
1894 3878 2255 3940 consociata
2284 3876 2407 3939 sibi
2433 3873 2761 3940 Calabria.

513 3958 656 4023 Hec
685 3958 878 4023 habet
920 3958 1110 4023 urbes
1155 3961 1308 4023 satis
1355 3982 1390 4024 o
1439 3958 1685 4024 ulentas
1728 3959 2092 4040 Luceriam,
2140 3958 2497 4044 Sipontum,
2544 3957 2763 4023 Canu-

515 4043 700 4124 sium,
747 4043 1172 4124 Acerentiam,
1215 4042 1395 4106 Brun
1441 4044 1651 4123 isium,
1682 4044 2029 4106 Tarentum
2073 4052 2135 4106 et
2162 4044 2231 4105 in
2274 4042 2528 4106 sinistro
2570 4041 2763 4108 Italic

515 4148 734 4273 chgnu,
779 4126 955 4211 quod
982 4127 1444 4211 quinquaginta
1473 4124 1731 4191 milibus
1774 4128 2035 4208 distans,
2076 4135 2293 4211 aptam
2322 4126 2759 4190 mercimoniis

624 4219 896 4274 rontum.

516 4330 563 4383 a)
597 4334 655 4373 cl.
685 4343 791 4383 exp.
822 4344 858 4375 c.
1007 4334 1056 4387 b)
1089 4336 1350 4385 appellatur
1378 4346 1416 4374 c.
1586 4332 1627 4385 c)
1660 4336 1723 4375 ita
1755 4346 1805 4375 ex
1834 4334 1973 4375 Paulo
2005 4336 2217 4385 supplevi.
2368 4334 2415 4378 d)
2450 4336 2688 4376 Masei-um
2716 4346 2763 4377 ο.

518 4386 563 4441 e)
593 4392 892 4433 nominantur
921 4404 957 4433 c.
