<?xml version="1.0" encoding="UTF-8"?>
<!DOCTYPE html PUBLIC "-//W3C//DTD XHTML 1.0 Transitional//EN"
    "http://www.w3.org/TR/xhtml1/DTD/xhtml1-transitional.dtd">
<html xmlns="http://www.w3.org/1999/xhtml" xml:lang="en" lang="en">
 <head>
  <title>
</title>
<meta http-equiv="Content-Type" content="text/html;charset=utf-8" />
  <meta name='ocr-system' content='tesseract 3.04.00' />
  <meta name='ocr-capabilities' content='ocr_page ocr_carea ocr_par ocr_line ocrx_word'/>
</head>
<body>
  <div class='ocr_page' id='page_1' title='image "./scriptoresrerum05unkngoog_0158.png"; bbox 0 0 2984 4917; ppageno 0'>
   <div class='ocr_carea' id='block_1_1' title="bbox 310 2113 525 2167">
    <p class='ocr_par' dir='ltr' id='par_1_1' title="bbox 310 2113 525 2167">
     <span class='ocr_line' id='line_1_1' title="bbox 310 2113 525 2167; baseline 0.014 -11"><span class='ocrx_word' id='word_1_1' title='bbox 310 2113 387 2167; x_wconf 77' lang='lat' dir='ltr'><strong>⁸p.</strong></span> <span class='ocrx_word' id='word_1_2' title='bbox 424 2118 525 2158; x_wconf 88' lang='lat'><strong>110.</strong></span> 
     </span>
    </p>
   </div>
   <div class='ocr_carea' id='block_1_2' title="bbox 546 402 2531 456">
    <p class='ocr_par' dir='ltr' id='par_1_2' title="bbox 546 402 2531 456">
     <span class='ocr_line' id='line_1_2' title="bbox 546 402 2531 456; baseline -0.001 -1"><span class='ocrx_word' id='word_1_3' title='bbox 546 405 649 455; x_wconf 83' lang='lat'><strong>148</strong></span> <span class='ocrx_word' id='word_1_4' title='bbox 837 404 1060 455; x_wconf 86' lang='lat' dir='ltr'>PAULI</span> <span class='ocrx_word' id='word_1_5' title='bbox 1100 403 1451 456; x_wconf 87' lang='lat' dir='ltr'>HISTORIA</span> <span class='ocrx_word' id='word_1_6' title='bbox 1490 402 2172 455; x_wconf 82' lang='lat' dir='ltr'>LANGOBARDORUM.</span> <span class='ocrx_word' id='word_1_7' title='bbox 2249 402 2392 454; x_wconf 86' lang='lat' dir='ltr'><strong>LIB.</strong></span> <span class='ocrx_word' id='word_1_8' title='bbox 2433 404 2531 456; x_wconf 86' lang='lat' dir='ltr'><strong>IV.</strong></span> 
     </span>
    </p>
   </div>
   <div class='ocr_carea' id='block_1_3' title="bbox 536 569 2845 2171">
    <p class='ocr_par' dir='ltr' id='par_1_3' title="bbox 536 569 2845 2171">
     <span class='ocr_line' id='line_1_3' title="bbox 540 569 2792 657; baseline -0.001 -20"><span class='ocrx_word' id='word_1_9' title='bbox 540 583 757 638; x_wconf 85' lang='lat' dir='ltr'><strong>vestra</strong></span> <span class='ocrx_word' id='word_1_10' title='bbox 812 572 1265 637; x_wconf 91' lang='lat' dir='ltr'><strong>confidendum</strong></span> <span class='ocrx_word' id='word_1_11' title='bbox 1322 570 1460 651; x_wconf 88' lang='lat' dir='ltr'><strong>fuit,</strong></span> <span class='ocrx_word' id='word_1_12' title='bbox 1508 571 1632 634; x_wconf 90' lang='lat' dir='ltr'><strong>nisi</strong></span> <span class='ocrx_word' id='word_1_13' title='bbox 1686 571 1839 657; x_wconf 90' lang='lat' dir='ltr'><strong>quia</strong></span> <span class='ocrx_word' id='word_1_14' title='bbox 1891 571 1960 634; x_wconf 94' lang='lat' dir='ltr'><strong>in</strong></span> <span class='ocrx_word' id='word_1_15' title='bbox 2014 591 2207 634; x_wconf 87' lang='lat' dir='ltr'><strong>causa</strong></span> <span class='ocrx_word' id='word_1_16' title='bbox 2264 571 2444 656; x_wconf 85' lang='lat' dir='ltr'>pacis</span> <span class='ocrx_word' id='word_1_17' title='bbox 2501 569 2792 636; x_wconf 89' lang='lat' dir='ltr'><strong>laborem</strong></span> 
     </span>
     <span class='ocr_line' id='line_1_4' title="bbox 538 653 2794 724; baseline -0.001 -2"><span class='ocrx_word' id='word_1_18' title='bbox 538 667 605 724; x_wconf 90' lang='lat' dir='ltr'><strong>et</strong></span> <span class='ocrx_word' id='word_1_19' title='bbox 655 657 1004 722; x_wconf 82' lang='lat' dir='ltr'><strong>bonitatem</strong></span> <span class='ocrx_word' id='word_1_20' title='bbox 1058 666 1337 720; x_wconf 86' lang='lat' dir='ltr'><strong>vestram</strong></span> <span class='ocrx_word' id='word_1_21' title='bbox 1395 653 1692 719; x_wconf 90' lang='lat' dir='ltr'><strong>omnibus</strong></span> <span class='ocrx_word' id='word_1_22' title='bbox 1747 656 2182 720; x_wconf 81' lang='lat' dir='ltr'><strong>monstraretis</strong></span> <span class='ocrx_word' id='word_1_23' title='bbox 2199 663 2247 716; x_wconf 71' lang='lat'><strong>⁸.</strong></span> <span class='ocrx_word' id='word_1_24' title='bbox 2341 654 2532 720; x_wconf 86' lang='lat' dir='ltr'><strong>Unde</strong></span> <span class='ocrx_word' id='word_1_25' title='bbox 2592 656 2794 720; x_wconf 91' lang='lat' dir='ltr'><strong>omni-</strong></span> 
     </span>
     <span class='ocr_line' id='line_1_5' title="bbox 536 739 2788 829; baseline -0.001 -23"><span class='ocrx_word' id='word_1_26' title='bbox 536 742 783 829; x_wconf 89' lang='lat' dir='ltr'><strong>potenti</strong></span> <span class='ocrx_word' id='word_1_27' title='bbox 802 741 947 804; x_wconf 92' lang='lat' dir='ltr'><strong>Deo</strong></span> <span class='ocrx_word' id='word_1_28' title='bbox 990 740 1228 825; x_wconf 86' lang='lat' dir='ltr'><strong>gratias</strong></span> <span class='ocrx_word' id='word_1_29' title='bbox 1272 739 1542 825; x_wconf 87' lang='lat' dir='ltr'><strong>agimus,</strong></span> <span class='ocrx_word' id='word_1_30' title='bbox 1587 740 1738 826; x_wconf 79' lang='lat' dir='ltr'><strong>quib</strong></span> <span class='ocrx_word' id='word_1_31' title='bbox 1781 741 1872 804; x_wconf 90' lang='lat' dir='ltr'><strong>ita</strong></span> <span class='ocrx_word' id='word_1_32' title='bbox 1901 761 2012 803; x_wconf 90' lang='lat' dir='ltr'><strong>cor</strong></span> <span class='ocrx_word' id='word_1_33' title='bbox 2039 746 2326 804; x_wconf 85' lang='lat' dir='ltr'><strong>vestrum</strong></span> <span class='ocrx_word' id='word_1_34' title='bbox 2365 760 2480 802; x_wconf 89' lang='lat' dir='ltr'><strong>sua</strong></span> <span class='ocrx_word' id='word_1_35' title='bbox 2509 741 2788 824; x_wconf 80' lang='lat' dir='ltr'><strong>pietate⁰</strong></span> 
     </span>
     <span class='ocr_line' id='line_1_6' title="bbox 537 821 2787 922; baseline -0.001 -32"><span class='ocrx_word' id='word_1_36' title='bbox 537 828 721 912; x_wconf 89' lang='lat' dir='ltr'><strong>regit,</strong></span> <span class='ocrx_word' id='word_1_37' title='bbox 766 833 856 907; x_wconf 88' lang='lat' dir='ltr'><strong>ut,</strong></span> <span class='ocrx_word' id='word_1_38' title='bbox 901 825 1069 888; x_wconf 87' lang='lat' dir='ltr'><strong>sicut</strong></span> <span class='ocrx_word' id='word_1_39' title='bbox 1109 822 1304 887; x_wconf 90' lang='lat' dir='ltr'><strong>fidem</strong></span> <span class='ocrx_word' id='word_1_40' title='bbox 1340 833 1582 888; x_wconf 91' lang='lat' dir='ltr'><strong>rectam</strong></span> <span class='ocrx_word' id='word_1_41' title='bbox 1627 823 1867 904; x_wconf 89' lang='lat' dir='ltr'><strong>tribuit,</strong></span> <span class='ocrx_word' id='word_1_42' title='bbox 1910 824 2000 888; x_wconf 87' lang='lat' dir='ltr'><strong>ita</strong></span> <span class='ocrx_word' id='word_1_43' title='bbox 2044 844 2300 922; x_wconf 73' lang='lat' dir='ltr'><strong>quoque</strong></span> <span class='ocrx_word' id='word_1_44' title='bbox 2344 821 2620 909; x_wconf 74' lang='lat' dir='ltr'><strong>placita‘l</strong></span> <span class='ocrx_word' id='word_1_45' title='bbox 2663 825 2787 888; x_wconf 90' lang='lat' dir='ltr'><strong>sibi</strong></span> 
     </span>
     <span class='ocr_line' id='line_1_7' title="bbox 537 905 2789 994; baseline -0.001 -19"><span class='ocrx_word' id='word_1_46' title='bbox 537 931 653 975; x_wconf 86' lang='lat' dir='ltr'><strong>vos</strong></span> <span class='ocrx_word' id='word_1_47' title='bbox 710 929 966 994; x_wconf 86' lang='lat' dir='ltr'><strong>semper</strong></span> <span class='ocrx_word' id='word_1_48' title='bbox 1023 908 1274 992; x_wconf 87' lang='lat' dir='ltr'><strong>operari</strong></span> <span class='ocrx_word' id='word_1_49' title='bbox 1326 907 1637 972; x_wconf 89' lang='lat' dir='ltr'><strong>concedat</strong></span> <span class='ocrx_word' id='word_1_50' title='bbox 1651 918 1696 970; x_wconf 69' lang='grc' dir='ltr'><strong>θ.</strong></span> <span class='ocrx_word' id='word_1_51' title='bbox 1790 907 1938 972; x_wconf 87' lang='lat' dir='ltr'><strong>Non</strong></span> <span class='ocrx_word' id='word_1_52' title='bbox 1997 929 2186 989; x_wconf 90' lang='lat' dir='ltr'><strong>emm,</strong></span> <span class='ocrx_word' id='word_1_53' title='bbox 2249 905 2789 972; x_wconf 84' lang='lat' dir='ltr'><strong>excellentissima</strong></span> 
     </span>
     <span class='ocr_line' id='line_1_8' title="bbox 539 989 2786 1078; baseline -0.001 -21"><span class='ocrx_word' id='word_1_54' title='bbox 539 993 688 1076; x_wconf 91' lang='lat' dir='ltr'><strong>filia,</strong></span> <span class='ocrx_word' id='word_1_55' title='bbox 746 993 825 1058; x_wconf 94' lang='lat' dir='ltr'><strong>de</strong></span> <span class='ocrx_word' id='word_1_56' title='bbox 870 992 1201 1078; x_wconf 87' lang='lat' dir='ltr'><strong>sanguine,</strong></span> <span class='ocrx_word' id='word_1_57' title='bbox 1298 993 1368 1055; x_wconf 88' lang='lat' dir='ltr'><strong>ui</strong></span> <span class='ocrx_word' id='word_1_58' title='bbox 1410 991 1492 1056; x_wconf 87' lang='lat' dir='ltr'><strong>ab</strong></span> <span class='ocrx_word' id='word_1_59' title='bbox 1551 1001 1821 1077; x_wconf 89' lang='lat' dir='ltr'><strong>utraque</strong></span> <span class='ocrx_word' id='word_1_60' title='bbox 1925 1000 2061 1056; x_wconf 88' lang='lat' dir='ltr'><strong>arte</strong></span> <span class='ocrx_word' id='word_1_61' title='bbox 2112 989 2476 1054; x_wconf 89' lang='lat' dir='ltr'><strong>fundendus</strong></span> <span class='ocrx_word' id='word_1_62' title='bbox 2493 991 2516 1033; x_wconf 76' lang='lat' dir='ltr'><strong>f</strong></span> <span class='ocrx_word' id='word_1_63' title='bbox 2556 991 2786 1074; x_wconf 88' lang='lat' dir='ltr'><strong>fuerat,</strong></span> 
     </span>
     <span class='ocr_line' id='line_1_9' title="bbox 538 1015 2783 1164; baseline -0.001 -23"><span class='ocrx_word' id='word_1_64' title='bbox 538 1098 809 1164; x_wconf 86' lang='lat' dir='ltr'><strong>parvam</strong></span> <span class='ocrx_word' id='word_1_65' title='bbox 851 1086 914 1140; x_wconf 93' lang='lat' dir='ltr'><strong>te</strong></span> <span class='ocrx_word' id='word_1_66' title='bbox 960 1074 1184 1141; x_wconf 88' lang='lat' dir='ltr'><strong>credas</strong></span> <span class='ocrx_word' id='word_1_67' title='bbox 1227 1097 1267 1138; x_wconf 90' lang='lat' dir='ltr'><strong>a</strong></span> <span class='ocrx_word' id='word_1_68' title='bbox 1315 1076 1631 1161; x_wconf 69' lang='lat' dir='ltr'><strong>quisissess</strong></span> <span class='ocrx_word' id='word_1_69' title='bbox 1674 1015 2053 1141; x_wconf 49' lang='lat' dir='ltr'><strong>mercedem.</strong></span> <span class='ocrx_word' id='word_1_70' title='bbox 2139 1074 2248 1138; x_wconf 86' lang='lat' dir='ltr'><strong>Ex</strong></span> <span class='ocrx_word' id='word_1_71' title='bbox 2278 1096 2406 1160; x_wconf 86' lang='lat' dir='ltr'><strong>qua</strong></span> <span class='ocrx_word' id='word_1_72' title='bbox 2449 1097 2519 1140; x_wconf 91' lang='lat' dir='ltr'><strong>re</strong></span> <span class='ocrx_word' id='word_1_73' title='bbox 2561 1075 2783 1140; x_wconf 84' lang='lat' dir='ltr'><strong>volun-</strong></span> 
     </span>
     <span class='ocr_line' id='line_1_10' title="bbox 538 1159 2786 1245; baseline -0 -20"><span class='ocrx_word' id='word_1_74' title='bbox 538 1162 654 1225; x_wconf 90' lang='lat' dir='ltr'><strong>tati</strong></span> <span class='ocrx_word' id='word_1_75' title='bbox 719 1169 969 1226; x_wconf 85' lang='lat' dir='ltr'><strong>vestrae</strong></span> <span class='ocrx_word' id='word_1_76' title='bbox 1033 1161 1273 1245; x_wconf 86' lang='lat' dir='ltr'><strong>gratias</strong></span> <span class='ocrx_word' id='word_1_77' title='bbox 1288 1161 1317 1201; x_wconf 80' lang='lat'><strong>¹¹</strong></span> <span class='ocrx_word' id='word_1_78' title='bbox 1390 1159 1734 1224; x_wconf 86' lang='lat' dir='ltr'><strong>referentes</strong></span> <span class='ocrx_word' id='word_1_79' title='bbox 1752 1209 1768 1242; x_wconf 92' lang='lat'><strong>,</strong></span> <span class='ocrx_word' id='word_1_80' title='bbox 1843 1159 1970 1224; x_wconf 90' lang='lat' dir='ltr'><strong>Dei</strong></span> <span class='ocrx_word' id='word_1_81' title='bbox 2022 1160 2225 1222; x_wconf 87' lang='lat' dir='ltr'><strong>nostri</strong></span> <span class='ocrx_word' id='word_1_82' title='bbox 2280 1159 2786 1224; x_wconf 87' lang='lat' dir='ltr'><strong>misericordiam</strong></span> 
     </span>
     <span class='ocr_line' id='line_1_11' title="bbox 540 1243 2790 1330; baseline -0.002 -20"><span class='ocrx_word' id='word_1_83' title='bbox 540 1246 975 1330; x_wconf 82' lang='lat' dir='ltr'><strong>deprecamur,</strong></span> <span class='ocrx_word' id='word_1_84' title='bbox 1019 1254 1093 1308; x_wconf 94' lang='lat' dir='ltr'><strong>ut</strong></span> <span class='ocrx_word' id='word_1_85' title='bbox 1133 1243 1451 1309; x_wconf 91' lang='lat' dir='ltr'><strong>bonorum</strong></span> <span class='ocrx_word' id='word_1_86' title='bbox 1491 1243 1678 1308; x_wconf 87' lang='lat' dir='ltr'><strong>vobis</strong></span> <span class='ocrx_word' id='word_1_87' title='bbox 1733 1244 1940 1308; x_wconf 86' lang='lat' dir='ltr'><strong>vicem</strong></span> <span class='ocrx_word' id='word_1_88' title='bbox 1995 1244 2062 1306; x_wconf 93' lang='lat' dir='ltr'><strong>in</strong></span> <span class='ocrx_word' id='word_1_89' title='bbox 2118 1263 2388 1328; x_wconf 90' lang='lat' dir='ltr'><strong>corpore</strong></span> <span class='ocrx_word' id='word_1_90' title='bbox 2451 1251 2517 1307; x_wconf 91' lang='lat' dir='ltr'><strong>et</strong></span> <span class='ocrx_word' id='word_1_91' title='bbox 2573 1245 2790 1307; x_wconf 89' lang='lat' dir='ltr'><strong>anima</strong></span> 
     </span>
     <span class='ocr_line' id='line_1_12' title="bbox 539 1327 2790 1413; baseline -0.001 -21"><span class='ocrx_word' id='word_1_92' title='bbox 539 1329 645 1392; x_wconf 90' lang='lat' dir='ltr'><strong>hic</strong></span> <span class='ocrx_word' id='word_1_93' title='bbox 716 1339 782 1394; x_wconf 92' lang='lat' dir='ltr'><strong>et</strong></span> <span class='ocrx_word' id='word_1_94' title='bbox 849 1329 916 1392; x_wconf 90' lang='lat' dir='ltr'><strong>in</strong></span> <span class='ocrx_word' id='word_1_95' title='bbox 980 1328 1194 1392; x_wconf 90' lang='lat' dir='ltr'><strong>futuro</strong></span> <span class='ocrx_word' id='word_1_96' title='bbox 1263 1328 1667 1413; x_wconf 70' lang='lat' dir='ltr'><strong>conpenseti.</strong></span> <span class='ocrx_word' id='word_1_97' title='bbox 1777 1327 2139 1392; x_wconf 89' lang='lat' dir='ltr'><strong>Salutantes</strong></span> <span class='ocrx_word' id='word_1_98' title='bbox 2211 1328 2374 1390; x_wconf 71' lang='lat' dir='ltr'><strong>vosk</strong></span> <span class='ocrx_word' id='word_1_99' title='bbox 2449 1337 2790 1413; x_wconf 88' lang='lat' dir='ltr'><strong>praeterea</strong></span> 
     </span>
     <span class='ocr_line' id='line_1_13' title="bbox 537 1409 2789 1499; baseline 0 -23"><span class='ocrx_word' id='word_1_100' title='bbox 537 1422 803 1499; x_wconf 85' lang='lat' dir='ltr'><strong>paterna</strong></span> <span class='ocrx_word' id='word_1_101' title='bbox 844 1412 1183 1477; x_wconf 79' lang='lat' dir='ltr'><strong>dilectione</strong></span> <span class='ocrx_word' id='word_1_102' title='bbox 1227 1411 1574 1492; x_wconf 90' lang='lat' dir='ltr'><strong>hortamur,</strong></span> <span class='ocrx_word' id='word_1_103' title='bbox 1617 1422 1691 1476; x_wconf 91' lang='lat' dir='ltr'><strong>ut</strong></span> <span class='ocrx_word' id='word_1_104' title='bbox 1730 1422 1888 1498; x_wconf 89' lang='lat' dir='ltr'><strong>aput</strong></span> <span class='ocrx_word' id='word_1_105' title='bbox 1920 1409 2524 1476; x_wconf 84' lang='lat' dir='ltr'><strong>excellentissimum</strong></span> <span class='ocrx_word' id='word_1_106' title='bbox 2570 1413 2789 1476; x_wconf 90' lang='lat' dir='ltr'><strong>coniu-</strong></span> 
     </span>
     <span class='ocr_line' id='line_1_14' title="bbox 537 1494 2788 1583; baseline -0.001 -21"><span class='ocrx_word' id='word_1_107' title='bbox 537 1498 716 1583; x_wconf 90' lang='lat' dir='ltr'><strong>gem¹</strong></span> <span class='ocrx_word' id='word_1_108' title='bbox 773 1505 1057 1562; x_wconf 88' lang='lat' dir='ltr'><strong>vestrum</strong></span> <span class='ocrx_word' id='word_1_109' title='bbox 1098 1494 1208 1558; x_wconf 89' lang='lat' dir='ltr'><strong>illa</strong></span> <span class='ocrx_word' id='word_1_110' title='bbox 1249 1497 1485 1582; x_wconf 77' lang='lat' dir='ltr'><strong>agatiS,</strong></span> <span class='ocrx_word' id='word_1_111' title='bbox 1591 1505 1862 1561; x_wconf 90' lang='lat' dir='ltr'><strong>uatenus</strong></span> <span class='ocrx_word' id='word_1_112' title='bbox 1905 1495 2288 1560; x_wconf 83' lang='lat' dir='ltr'><strong>christianae</strong></span> <span class='ocrx_word' id='word_1_113' title='bbox 2348 1496 2442 1559; x_wconf 90' lang='lat' dir='ltr'><strong>rei</strong></span> <span class='ocrx_word' id='word_1_114' title='bbox 2482 1495 2788 1582; x_wconf 90' lang='lat' dir='ltr'><strong>publicae</strong></span> 
     </span>
     <span class='ocr_line' id='line_1_15' title="bbox 540 1579 2785 1661; baseline -0.001 -16"><span class='ocrx_word' id='word_1_115' title='bbox 540 1583 909 1646; x_wconf 89' lang='lat' dir='ltr'><strong>societatem</strong></span> <span class='ocrx_word' id='word_1_116' title='bbox 952 1602 1083 1645; x_wconf 92' lang='lat' dir='ltr'><strong>non</strong></span> <span class='ocrx_word' id='word_1_117' title='bbox 1123 1591 1458 1644; x_wconf 75' lang='lat' dir='ltr'><strong>rennuatm.</strong></span> <span class='ocrx_word' id='word_1_118' title='bbox 1607 1601 1713 1643; x_wconf 88' lang='lat' dir='ltr'><strong>am</strong></span> <span class='ocrx_word' id='word_1_119' title='bbox 1757 1581 1920 1643; x_wconf 91' lang='lat' dir='ltr'><strong>sicut</strong></span> <span class='ocrx_word' id='word_1_120' title='bbox 1963 1589 2027 1644; x_wconf 90' lang='lat' dir='ltr'><strong>et</strong></span> <span class='ocrx_word' id='word_1_121' title='bbox 2068 1601 2185 1643; x_wconf 88' lang='lat' dir='ltr'><strong>vos</strong></span> <span class='ocrx_word' id='word_1_122' title='bbox 2231 1579 2392 1644; x_wconf 90' lang='lat' dir='ltr'><strong>scire</strong></span> <span class='ocrx_word' id='word_1_123' title='bbox 2437 1579 2785 1661; x_wconf 81' lang='lat' dir='ltr'><strong>credimuS,</strong></span> 
     </span>
     <span class='ocr_line' id='line_1_16' title="bbox 538 1663 2786 1745; baseline 0 -17"><span class='ocrx_word' id='word_1_124' title='bbox 538 1665 753 1729; x_wconf 84' lang='lat' dir='ltr'><strong>multis</strong></span> <span class='ocrx_word' id='word_1_125' title='bbox 818 1665 1026 1728; x_wconf 88' lang='lat' dir='ltr'><strong>modis</strong></span> <span class='ocrx_word' id='word_1_126' title='bbox 1091 1673 1188 1728; x_wconf 91' lang='lat' dir='ltr'><strong>est</strong></span> <span class='ocrx_word' id='word_1_127' title='bbox 1250 1663 1435 1745; x_wconf 89' lang='lat' dir='ltr'><strong>utile,</strong></span> <span class='ocrx_word' id='word_1_128' title='bbox 1494 1664 1551 1726; x_wconf 91' lang='lat' dir='ltr'><strong>si</strong></span> <span class='ocrx_word' id='word_1_129' title='bbox 1607 1685 1676 1728; x_wconf 92' lang='lat' dir='ltr'><strong>se</strong></span> <span class='ocrx_word' id='word_1_130' title='bbox 1729 1664 1814 1728; x_wconf 90' lang='lat' dir='ltr'><strong>ad</strong></span> <span class='ocrx_word' id='word_1_131' title='bbox 1871 1665 2009 1729; x_wconf 90' lang='lat' dir='ltr'><strong>eius</strong></span> <span class='ocrx_word' id='word_1_132' title='bbox 2073 1663 2425 1727; x_wconf 85' lang='lat' dir='ltr'><strong>amicitiam</strong></span> <span class='ocrx_word' id='word_1_133' title='bbox 2490 1664 2786 1728; x_wconf 89' lang='lat' dir='ltr'><strong>conferre</strong></span> 
     </span>
     <span class='ocr_line' id='line_1_17' title="bbox 538 1747 2790 1834; baseline -0.001 -20"><span class='ocrx_word' id='word_1_134' title='bbox 538 1747 834 1814; x_wconf 88' lang='lat' dir='ltr'><strong>voluerit.</strong></span> <span class='ocrx_word' id='word_1_135' title='bbox 899 1749 1035 1814; x_wconf 89' lang='lat' dir='ltr'><strong>Vos</strong></span> <span class='ocrx_word' id='word_1_136' title='bbox 1093 1769 1247 1830; x_wconf 87' lang='lat' dir='ltr'><strong>ergo</strong></span> <span class='ocrx_word' id='word_1_137' title='bbox 1306 1768 1483 1812; x_wconf 91' lang='lat' dir='ltr'><strong>more</strong></span> <span class='ocrx_word' id='word_1_138' title='bbox 1539 1758 1753 1812; x_wconf 83' lang='lat' dir='ltr'><strong>vestro</strong></span> <span class='ocrx_word' id='word_1_139' title='bbox 1798 1769 1965 1834; x_wconf 89' lang='lat' dir='ltr'><strong>quae</strong></span> <span class='ocrx_word' id='word_1_140' title='bbox 2019 1747 2105 1812; x_wconf 91' lang='lat' dir='ltr'><strong>ad</strong></span> <span class='ocrx_word' id='word_1_141' title='bbox 2147 1747 2416 1832; x_wconf 88' lang='lat' dir='ltr'><strong>gratiam</strong></span> <span class='ocrx_word' id='word_1_142' title='bbox 2461 1749 2744 1833; x_wconf 90' lang='lat' dir='ltr'><strong>partium</strong></span> <span class='ocrx_word' id='word_1_143' title='bbox 2761 1760 2790 1790; x_wconf 83' lang='lat'><strong>¹¹</strong></span> 
     </span>
     <span class='ocr_line' id='line_1_18' title="bbox 585 1832 2791 1918; baseline -0.001 -20"><span class='ocrx_word' id='word_1_144' title='bbox 585 1832 859 1898; x_wconf 89' lang='lat' dir='ltr'><strong>ertinent</strong></span> <span class='ocrx_word' id='word_1_145' title='bbox 921 1854 1175 1918; x_wconf 91' lang='lat' dir='ltr'><strong>semper</strong></span> <span class='ocrx_word' id='word_1_146' title='bbox 1238 1832 1516 1897; x_wconf 89' lang='lat' dir='ltr'><strong>studete⁰</strong></span> <span class='ocrx_word' id='word_1_147' title='bbox 1581 1841 1794 1918; x_wconf 88' lang='lat' dir='ltr'><strong>atque,</strong></span> <span class='ocrx_word' id='word_1_148' title='bbox 1855 1833 1969 1896; x_wconf 89' lang='lat' dir='ltr'><strong>ubi</strong></span> <span class='ocrx_word' id='word_1_149' title='bbox 2035 1842 2272 1896; x_wconf 59' lang='lat' dir='ltr'><strong>causa?</strong></span> <span class='ocrx_word' id='word_1_150' title='bbox 2337 1832 2658 1897; x_wconf 88' lang='lat' dir='ltr'><strong>mercedis</strong></span> <span class='ocrx_word' id='word_1_151' title='bbox 2723 1854 2791 1896; x_wconf 87' lang='lat' dir='ltr'><strong>se</strong></span> 
     </span>
     <span class='ocr_line' id='line_1_19' title="bbox 536 1856 2845 2002; baseline -0 -21"><span class='ocrx_word' id='word_1_152' title='bbox 536 1856 806 1999; x_wconf 76' lang='lat' dir='ltr'><strong>1dederit,</strong></span> <span class='ocrx_word' id='word_1_153' title='bbox 852 1915 1192 1997; x_wconf 88' lang='lat' dir='ltr'><strong>elaborate,</strong></span> <span class='ocrx_word' id='word_1_154' title='bbox 1236 1925 1309 1980; x_wconf 90' lang='lat' dir='ltr'><strong>ut</strong></span> <span class='ocrx_word' id='word_1_155' title='bbox 1335 1915 1506 1980; x_wconf 90' lang='lat' dir='ltr'><strong>bona</strong></span> <span class='ocrx_word' id='word_1_156' title='bbox 1555 1925 1772 1981; x_wconf 86' lang='lat' dir='ltr'><strong>vestra</strong></span> <span class='ocrx_word' id='word_1_157' title='bbox 1821 1938 1926 1980; x_wconf 90' lang='lat' dir='ltr'><strong>am</strong></span> <span class='ocrx_word' id='word_1_158' title='bbox 1975 1915 2098 1979; x_wconf 89' lang='lat' dir='ltr'><strong>lius</strong></span> <span class='ocrx_word' id='word_1_159' title='bbox 2141 1925 2290 1980; x_wconf 90' lang='lat' dir='ltr'><strong>ante</strong></span> <span class='ocrx_word' id='word_1_160' title='bbox 2336 1917 2792 2002; x_wconf 87' lang='lat' dir='ltr'><strong>omnipotentis</strong></span> <span class='ocrx_word' id='word_1_161' title='bbox 2839 1943 2845 1948; x_wconf 95' lang='lat'>·</span> 
     </span>
     <span class='ocr_line' id='line_1_20' title="bbox 541 1998 2788 2086; baseline -0.001 -21"><span class='ocrx_word' id='word_1_162' title='bbox 541 2002 671 2065; x_wconf 95' lang='lat' dir='ltr'><strong>Dei</strong></span> <span class='ocrx_word' id='word_1_163' title='bbox 694 1999 913 2065; x_wconf 88' lang='lat' dir='ltr'><strong>oculos</strong></span> <span class='ocrx_word' id='word_1_164' title='bbox 939 1998 1435 2065; x_wconf 89' lang='lat' dir='ltr'><strong>commendetis&#39;.</strong></span> <span class='ocrx_word' id='word_1_165' title='bbox 1487 2001 1694 2064; x_wconf 79' lang='lat' dir='ltr'><strong>Item‘l</strong></span> <span class='ocrx_word' id='word_1_166' title='bbox 1725 2001 1928 2086; x_wconf 90' lang='lat' dir='ltr'><strong>episto</strong></span> <span class='ocrx_word' id='word_1_167' title='bbox 1953 2021 1994 2062; x_wconf 90' lang='lat' dir='ltr'><strong>a</strong></span> <span class='ocrx_word' id='word_1_168' title='bbox 2013 1999 2302 2065; x_wconf 91' lang='lat' dir='ltr'><strong>eiusdem</strong></span> <span class='ocrx_word' id='word_1_169' title='bbox 2323 2001 2408 2064; x_wconf 80' lang='lat' dir='ltr'><strong>ad</strong></span> <span class='ocrx_word' id='word_1_170' title='bbox 2427 1999 2788 2085; x_wconf 69' lang='lat' dir='ltr'><strong>Agilulfiim</strong></span> 
     </span>
     <span class='ocr_line' id='line_1_21' title="bbox 543 2082 2788 2171; baseline 0 -23"><span class='ocrx_word' id='word_1_171' title='bbox 543 2107 762 2171; x_wconf 89' lang='lat' dir='ltr'><strong>regem</strong></span> <span class='ocrx_word' id='word_1_172' title='bbox 782 2098 831 2148; x_wconf 87' lang='lat'><strong>¹:</strong></span> <span class='ocrx_word' id='word_1_173' title='bbox 875 2083 1284 2170; x_wconf 55' lang='lat' dir='ltr'><strong>“Gregorius</strong></span> <span class='ocrx_word' id='word_1_174' title='bbox 1313 2082 1598 2170; x_wconf 86' lang='lat' dir='ltr'><strong>Agilulfo</strong></span> <span class='ocrx_word' id='word_1_175' title='bbox 1617 2096 1641 2126; x_wconf 73' lang='lat'><strong>¹*</strong></span> <span class='ocrx_word' id='word_1_176' title='bbox 1683 2085 1823 2169; x_wconf 89' lang='lat' dir='ltr'><strong>regi</strong></span> <span class='ocrx_word' id='word_1_177' title='bbox 1855 2083 2442 2170; x_wconf 89' lang='lat' dir='ltr'><strong>Langobardorum.</strong></span> <span class='ocrx_word' id='word_1_178' title='bbox 2533 2083 2788 2150; x_wconf 79' lang='lat' dir='ltr'><strong>Gratias</strong></span> 
     </span>
    </p>
   </div>
   <div class='ocr_carea' id='block_1_4' title="bbox 536 2209 2793 2793">
    <p class='ocr_par' dir='ltr' id='par_1_4' title="bbox 536 2209 2793 2793">
     <span class='ocr_line' id='line_1_22' title="bbox 545 2209 2791 2264; baseline -0 -12"><span class='ocrx_word' id='word_1_179' title='bbox 545 2211 591 2264; x_wconf 82' lang='lat' dir='ltr'><strong>a)</strong></span> <span class='ocrx_word' id='word_1_180' title='bbox 623 2213 1001 2252; x_wconf 80' lang='lat' dir='ltr'><strong>demonstraretis</strong></span> <span class='ocrx_word' id='word_1_181' title='bbox 1032 2212 1069 2251; x_wconf 71' lang='lat'><strong>1⁴·</strong></span> <span class='ocrx_word' id='word_1_182' title='bbox 1100 2213 1154 2260; x_wconf 76' lang='lat'><strong>43</strong></span> <span class='ocrx_word' id='word_1_183' title='bbox 1188 2213 1511 2252; x_wconf 87' lang='lat' dir='ltr'><strong>demonstretis</strong></span> <span class='ocrx_word' id='word_1_184' title='bbox 1547 2209 1588 2250; x_wconf 77' lang='lat' dir='ltr'>G</span> <span class='ocrx_word' id='word_1_185' title='bbox 1622 2212 1761 2261; x_wconf 77' lang='lat'><strong>1—43</strong></span> <span class='ocrx_word' id='word_1_186' title='bbox 1795 2211 2120 2252; x_wconf 84' lang='lat' dir='ltr'><strong>demonstratis</strong></span> <span class='ocrx_word' id='word_1_187' title='bbox 2155 2209 2291 2260; x_wconf 77' lang='lat' dir='ltr'><strong>G5a3</strong></span> <span class='ocrx_word' id='word_1_188' title='bbox 2323 2210 2647 2251; x_wconf 77' lang='lat' dir='ltr'><strong>monstraretis</strong></span> <span class='ocrx_word' id='word_1_189' title='bbox 2679 2211 2716 2250; x_wconf 82' lang='lat' dir='ltr'><strong>F</strong></span> <span class='ocrx_word' id='word_1_190' title='bbox 2748 2211 2791 2252; x_wconf 86' lang='lat'><strong>5.</strong></span> 
     </span>
     <span class='ocr_line' id='line_1_23' title="bbox 543 2268 2793 2323; baseline -0.001 -11"><span class='ocrx_word' id='word_1_191' title='bbox 543 2270 590 2323; x_wconf 84' lang='lat' dir='ltr'><strong>b)</strong></span> <span class='ocrx_word' id='word_1_192' title='bbox 620 2273 731 2321; x_wconf 83' lang='lat' dir='ltr'><strong>quia</strong></span> <span class='ocrx_word' id='word_1_193' title='bbox 760 2271 802 2310; x_wconf 87' lang='lat' dir='ltr'>A</span> <span class='ocrx_word' id='word_1_194' title='bbox 836 2273 878 2314; x_wconf 90' lang='lat'><strong>1.</strong></span> <span class='ocrx_word' id='word_1_195' title='bbox 912 2272 955 2310; x_wconf 93' lang='lat' dir='ltr'>D</span> <span class='ocrx_word' id='word_1_196' title='bbox 990 2273 1033 2314; x_wconf 85' lang='grc'><strong>2.</strong></span> <span class='ocrx_word' id='word_1_197' title='bbox 1062 2271 1115 2312; x_wconf 78' lang='grc' dir='ltr'><strong>Ρ.</strong></span> <span class='ocrx_word' id='word_1_198' title='bbox 1149 2270 1204 2312; x_wconf 75' lang='lat' dir='ltr'><strong>G.</strong></span> <span class='ocrx_word' id='word_1_199' title='bbox 1342 2271 1385 2321; x_wconf 88' lang='lat' dir='ltr'><strong>c)</strong></span> <span class='ocrx_word' id='word_1_200' title='bbox 1417 2272 1641 2321; x_wconf 84' lang='lat' dir='ltr'><strong>pietatem</strong></span> <span class='ocrx_word' id='word_1_201' title='bbox 1671 2271 1708 2309; x_wconf 79' lang='lat' dir='ltr'><strong>F</strong></span> <span class='ocrx_word' id='word_1_202' title='bbox 1743 2273 1783 2311; x_wconf 92' lang='lat'><strong>1.</strong></span> <span class='ocrx_word' id='word_1_203' title='bbox 1916 2268 1962 2321; x_wconf 90' lang='lat' dir='ltr'><strong>d)</strong></span> <span class='ocrx_word' id='word_1_204' title='bbox 1995 2270 2215 2320; x_wconf 79' lang='lat' dir='ltr'><strong>placitam</strong></span> <span class='ocrx_word' id='word_1_205' title='bbox 2245 2270 2282 2308; x_wconf 79' lang='lat' dir='ltr'><strong>F</strong></span> <span class='ocrx_word' id='word_1_206' title='bbox 2316 2271 2357 2310; x_wconf 89' lang='lat'><strong>1.</strong></span> <span class='ocrx_word' id='word_1_207' title='bbox 2497 2268 2542 2320; x_wconf 91' lang='lat' dir='ltr'><strong>e)</strong></span> <span class='ocrx_word' id='word_1_208' title='bbox 2578 2271 2793 2310; x_wconf 84' lang='lat' dir='ltr'><strong>concedit</strong></span> 
     </span>
     <span class='ocr_line' id='line_1_24' title="bbox 540 2326 2786 2380; baseline -0.001 -9"><span class='ocrx_word' id='word_1_209' title='bbox 540 2330 582 2371; x_wconf 75' lang='lat' dir='ltr'>A</span> <span class='ocrx_word' id='word_1_210' title='bbox 614 2334 657 2373; x_wconf 82' lang='lat'><strong>2.</strong></span> <span class='ocrx_word' id='word_1_211' title='bbox 689 2331 732 2374; x_wconf 78' lang='lat'><strong>3.</strong></span> <span class='ocrx_word' id='word_1_212' title='bbox 761 2331 800 2369; x_wconf 88' lang='grc' dir='ltr'>Β</span> <span class='ocrx_word' id='word_1_213' title='bbox 835 2331 874 2370; x_wconf 88' lang='grc'><strong>2.</strong></span> <span class='ocrx_word' id='word_1_214' title='bbox 910 2330 946 2370; x_wconf 84' lang='lat' dir='ltr'>G</span> <span class='ocrx_word' id='word_1_215' title='bbox 967 2331 1008 2370; x_wconf 95' lang='grc'><strong>2.</strong></span> <span class='ocrx_word' id='word_1_216' title='bbox 1041 2331 1084 2370; x_wconf 93' lang='lat' dir='ltr'>D</span> <span class='ocrx_word' id='word_1_217' title='bbox 1106 2331 1147 2371; x_wconf 84' lang='lat'><strong>1.</strong></span> <span class='ocrx_word' id='word_1_218' title='bbox 1182 2331 1222 2380; x_wconf 86' lang='grc'><strong>2,</strong></span> <span class='ocrx_word' id='word_1_219' title='bbox 1254 2329 1349 2369; x_wconf 78' lang='lat' dir='ltr'><strong>alii.</strong></span> <span class='ocrx_word' id='word_1_220' title='bbox 1439 2328 1474 2380; x_wconf 79' lang='lat' dir='ltr'><strong>f)</strong></span> <span class='ocrx_word' id='word_1_221' title='bbox 1507 2331 1617 2368; x_wconf 76' lang='lat' dir='ltr'><strong>deest</strong></span> <span class='ocrx_word' id='word_1_222' title='bbox 1648 2330 1752 2370; x_wconf 79' lang='lat' dir='ltr'><strong>D2.</strong></span> <span class='ocrx_word' id='word_1_223' title='bbox 1845 2327 1893 2380; x_wconf 79' lang='lat' dir='ltr'><strong>g)</strong></span> <span class='ocrx_word' id='word_1_224' title='bbox 1925 2329 2206 2378; x_wconf 82' lang='lat' dir='ltr'><strong>adquissiset</strong></span> <span class='ocrx_word' id='word_1_225' title='bbox 2233 2329 2271 2367; x_wconf 76' lang='lat' dir='ltr'><strong>F</strong></span> <span class='ocrx_word' id='word_1_226' title='bbox 2291 2329 2330 2368; x_wconf 90' lang='lat'><strong>1.</strong></span> <span class='ocrx_word' id='word_1_227' title='bbox 2423 2326 2470 2380; x_wconf 83' lang='lat' dir='ltr'><strong>h)</strong></span> <span class='ocrx_word' id='word_1_228' title='bbox 2505 2331 2660 2377; x_wconf 78' lang='lat' dir='ltr'><strong>gratia</strong></span> <span class='ocrx_word' id='word_1_229' title='bbox 2691 2330 2786 2369; x_wconf 86' lang='lat' dir='ltr'><strong>Fl.</strong></span> 
     </span>
     <span class='ocr_line' id='line_1_25' title="bbox 540 2385 2790 2441; baseline 0 -11"><span class='ocrx_word' id='word_1_230' title='bbox 540 2389 577 2441; x_wconf 87' lang='lat' dir='ltr'><strong>i)</strong></span> <span class='ocrx_word' id='word_1_231' title='bbox 610 2391 721 2430; x_wconf 81' lang='lat' dir='ltr'><strong>deest</strong></span> <span class='ocrx_word' id='word_1_232' title='bbox 754 2389 795 2430; x_wconf 80' lang='lat' dir='ltr'><strong>G</strong></span> <span class='ocrx_word' id='word_1_233' title='bbox 827 2390 868 2440; x_wconf 89' lang='lat'><strong>1,</strong></span> <span class='ocrx_word' id='word_1_234' title='bbox 916 2389 992 2428; x_wconf 79' lang='lat' dir='ltr'><strong>ubi</strong></span> <span class='ocrx_word' id='word_1_235' title='bbox 1030 2394 1133 2438; x_wconf 74' lang='lat' dir='ltr'><strong>post</strong></span> <span class='ocrx_word' id='word_1_236' title='bbox 1178 2390 1328 2428; x_wconf 80' lang='lat' dir='ltr'><strong>vicem</strong></span> <span class='ocrx_word' id='word_1_237' title='bbox 1374 2389 1542 2438; x_wconf 72' lang='lat' dir='ltr'><strong>suppl„-</strong></span> <span class='ocrx_word' id='word_1_238' title='bbox 1589 2388 1779 2438; x_wconf 85' lang='lat' dir='ltr'><strong>reddat;</strong></span> <span class='ocrx_word' id='word_1_239' title='bbox 1828 2389 2053 2428; x_wconf 84' lang='lat' dir='ltr'><strong>concedat</strong></span> <span class='ocrx_word' id='word_1_240' title='bbox 2084 2387 2126 2428; x_wconf 79' lang='lat' dir='ltr'>G</span> <span class='ocrx_word' id='word_1_241' title='bbox 2157 2389 2199 2428; x_wconf 81' lang='grc'><strong>2.</strong></span> <span class='ocrx_word' id='word_1_242' title='bbox 2353 2385 2402 2438; x_wconf 88' lang='lat' dir='ltr'><strong>k)</strong></span> <span class='ocrx_word' id='word_1_243' title='bbox 2437 2389 2548 2426; x_wconf 78' lang='lat' dir='ltr'><strong>deest</strong></span> <span class='ocrx_word' id='word_1_244' title='bbox 2582 2387 2616 2427; x_wconf 85' lang='lat' dir='ltr'>C</span> <span class='ocrx_word' id='word_1_245' title='bbox 2649 2385 2715 2430; x_wconf 78' lang='lat'><strong>·1.</strong></span> <span class='ocrx_word' id='word_1_246' title='bbox 2751 2391 2790 2430; x_wconf 91' lang='grc'><strong>1.</strong></span> 
     </span>
     <span class='ocr_line' id='line_1_26' title="bbox 542 2446 2790 2501; baseline -0 -13"><span class='ocrx_word' id='word_1_247' title='bbox 542 2448 576 2501; x_wconf 93' lang='lat'><strong>1)</strong></span> <span class='ocrx_word' id='word_1_248' title='bbox 608 2450 839 2488; x_wconf 81' lang='lat' dir='ltr'><strong>seniorem</strong></span> <span class='ocrx_word' id='word_1_249' title='bbox 874 2448 973 2488; x_wconf 77' lang='lat' dir='ltr'><strong>Gs.</strong></span> <span class='ocrx_word' id='word_1_250' title='bbox 1096 2447 1160 2499; x_wconf 91' lang='lat' dir='ltr'><strong>m)</strong></span> <span class='ocrx_word' id='word_1_251' title='bbox 1194 2451 1395 2487; x_wconf 87' lang='lat' dir='ltr'><strong>renuunt</strong></span> <span class='ocrx_word' id='word_1_252' title='bbox 1424 2447 1532 2496; x_wconf 78' lang='lat' dir='ltr'><strong>A13</strong></span> <span class='ocrx_word' id='word_1_253' title='bbox 1564 2448 1724 2487; x_wconf 84' lang='lat' dir='ltr'><strong>renuit</strong></span> <span class='ocrx_word' id='word_1_254' title='bbox 1755 2447 1854 2487; x_wconf 73' lang='lat' dir='ltr'><strong>Gss.</strong></span> <span class='ocrx_word' id='word_1_255' title='bbox 1886 2449 1939 2497; x_wconf 77' lang='lat'><strong>43</strong></span> <span class='ocrx_word' id='word_1_256' title='bbox 1971 2447 2160 2486; x_wconf 83' lang='lat' dir='ltr'><strong>rennuit</strong></span> <span class='ocrx_word' id='word_1_257' title='bbox 2188 2447 2286 2488; x_wconf 72' lang='grc' dir='ltr'><strong>ΒΞ.</strong></span> <span class='ocrx_word' id='word_1_258' title='bbox 2323 2446 2365 2487; x_wconf 82' lang='lat' dir='ltr'><strong>G·</strong></span> <span class='ocrx_word' id='word_1_259' title='bbox 2384 2448 2434 2495; x_wconf 80' lang='lat'><strong>13</strong></span> <span class='ocrx_word' id='word_1_260' title='bbox 2467 2447 2654 2486; x_wconf 83' lang='lat' dir='ltr'><strong>renuait</strong></span> <span class='ocrx_word' id='word_1_261' title='bbox 2688 2447 2790 2496; x_wconf 72' lang='lat'><strong>013</strong></span> 
     </span>
     <span class='ocr_line' id='line_1_27' title="bbox 541 2503 2785 2558; baseline -0 -10"><span class='ocrx_word' id='word_1_262' title='bbox 541 2510 743 2548; x_wconf 86' lang='lat' dir='ltr'><strong>rennuat</strong></span> <span class='ocrx_word' id='word_1_263' title='bbox 772 2518 794 2546; x_wconf 81' lang='lat' dir='ltr'><strong>c</strong></span> <span class='ocrx_word' id='word_1_264' title='bbox 822 2517 937 2546; x_wconf 87' lang='lat' dir='ltr'><strong>corr.</strong></span> <span class='ocrx_word' id='word_1_265' title='bbox 970 2507 1013 2546; x_wconf 91' lang='lat' dir='ltr'><strong>D</strong></span> <span class='ocrx_word' id='word_1_266' title='bbox 1035 2509 1073 2545; x_wconf 86' lang='lat'><strong>1.</strong></span> <span class='ocrx_word' id='word_1_267' title='bbox 1165 2503 1213 2556; x_wconf 94' lang='lat' dir='ltr'><strong>n)</strong></span> <span class='ocrx_word' id='word_1_268' title='bbox 1247 2507 1377 2557; x_wconf 81' lang='lat' dir='ltr'><strong>pacis</strong></span> <span class='ocrx_word' id='word_1_269' title='bbox 1395 2505 1460 2556; x_wconf 61' lang='grc' dir='ltr'><strong>(Ξῖ</strong></span> <span class='ocrx_word' id='word_1_270' title='bbox 1491 2507 1602 2544; x_wconf 81' lang='lat' dir='ltr'><strong>deest</strong></span> <span class='ocrx_word' id='word_1_271' title='bbox 1631 2507 1774 2556; x_wconf 81' lang='lat' dir='ltr'><strong>spatio</strong></span> <span class='ocrx_word' id='word_1_272' title='bbox 1805 2517 1943 2545; x_wconf 88' lang='lat' dir='ltr'><strong>vacuo</strong></span> <span class='ocrx_word' id='word_1_273' title='bbox 1973 2507 2117 2544; x_wconf 81' lang='lat' dir='ltr'><strong>relicto</strong></span> <span class='ocrx_word' id='word_1_274' title='bbox 2148 2506 2186 2545; x_wconf 90' lang='lat' dir='ltr'>B</span> <span class='ocrx_word' id='word_1_275' title='bbox 2207 2507 2278 2544; x_wconf 80' lang='lat' dir='ltr'><strong>la.</strong></span> <span class='ocrx_word' id='word_1_276' title='bbox 2371 2504 2415 2558; x_wconf 92' lang='grc'><strong>0)</strong></span> <span class='ocrx_word' id='word_1_277' title='bbox 2445 2507 2726 2546; x_wconf 84' lang='lat' dir='ltr'><strong>studetemF</strong></span> <span class='ocrx_word' id='word_1_278' title='bbox 2745 2509 2785 2548; x_wconf 92' lang='lat'><strong>1.</strong></span> 
     </span>
     <span class='ocr_line' id='line_1_28' title="bbox 538 2561 2787 2617; baseline -0.001 -11"><span class='ocrx_word' id='word_1_279' title='bbox 538 2564 588 2617; x_wconf 90' lang='lat' dir='ltr'><strong>p)</strong></span> <span class='ocrx_word' id='word_1_280' title='bbox 619 2577 807 2606; x_wconf 81' lang='lat' dir='ltr'><strong>causam</strong></span> <span class='ocrx_word' id='word_1_281' title='bbox 838 2569 877 2604; x_wconf 87' lang='lat' dir='ltr'>A</span> <span class='ocrx_word' id='word_1_282' title='bbox 911 2568 951 2606; x_wconf 91' lang='lat'><strong>1.</strong></span> <span class='ocrx_word' id='word_1_283' title='bbox 990 2585 1040 2596; x_wconf 91' lang='lat'><strong>—·</strong></span> <span class='ocrx_word' id='word_1_284' title='bbox 1074 2561 1510 2606; x_wconf 78' lang='lat' dir='ltr'><strong>mercedisededer&#39;it</strong></span> <span class='ocrx_word' id='word_1_285' title='bbox 1539 2564 1581 2604; x_wconf 78' lang='lat' dir='ltr'>A</span> <span class='ocrx_word' id='word_1_286' title='bbox 1614 2566 1652 2604; x_wconf 90' lang='lat'><strong>1.</strong></span> <span class='ocrx_word' id='word_1_287' title='bbox 1685 2562 1746 2604; x_wconf 76' lang='lat'><strong>⁸2.</strong></span> <span class='ocrx_word' id='word_1_288' title='bbox 1780 2567 1822 2606; x_wconf 83' lang='lat'><strong>2.</strong></span> <span class='ocrx_word' id='word_1_289' title='bbox 1871 2564 1907 2604; x_wconf 84' lang='lat' dir='ltr'>G</span> <span class='ocrx_word' id='word_1_290' title='bbox 1939 2564 2000 2605; x_wconf 80' lang='lat'><strong>‘1.</strong></span> <span class='ocrx_word' id='word_1_291' title='bbox 2037 2568 2075 2604; x_wconf 92' lang='lat'><strong>1.</strong></span> <span class='ocrx_word' id='word_1_292' title='bbox 2109 2566 2152 2604; x_wconf 92' lang='lat' dir='ltr'>D</span> <span class='ocrx_word' id='word_1_293' title='bbox 2184 2562 2276 2606; x_wconf 54' lang='grc' dir='ltr'><strong>*δι</strong></span> <span class='ocrx_word' id='word_1_294' title='bbox 2310 2566 2352 2606; x_wconf 89' lang='grc'><strong>9.</strong></span> <span class='ocrx_word' id='word_1_295' title='bbox 2405 2565 2441 2604; x_wconf 80' lang='lat' dir='ltr'><strong>F</strong></span> <span class='ocrx_word' id='word_1_296' title='bbox 2476 2568 2530 2614; x_wconf 77' lang='lat'><strong>13</strong></span> <span class='ocrx_word' id='word_1_297' title='bbox 2563 2565 2787 2606; x_wconf 81' lang='lat' dir='ltr'><strong>mercedis</strong></span> 
     </span>
     <span class='ocr_line' id='line_1_29' title="bbox 540 2619 2784 2673; baseline -0.001 -8"><span class='ocrx_word' id='word_1_298' title='bbox 540 2626 742 2666; x_wconf 79' lang='lat' dir='ltr'><strong>ediderit</strong></span> <span class='ocrx_word' id='word_1_299' title='bbox 760 2624 794 2664; x_wconf 84' lang='lat' dir='ltr'>O</span> <span class='ocrx_word' id='word_1_300' title='bbox 815 2625 853 2665; x_wconf 88' lang='grc'><strong>2.</strong></span> <span class='ocrx_word' id='word_1_301' title='bbox 872 2624 915 2663; x_wconf 90' lang='lat' dir='ltr'>D</span> <span class='ocrx_word' id='word_1_302' title='bbox 936 2626 978 2664; x_wconf 88' lang='lat'><strong>1.</strong></span> <span class='ocrx_word' id='word_1_303' title='bbox 998 2625 1067 2663; x_wconf 80' lang='lat' dir='ltr'><strong>la.</strong></span> <span class='ocrx_word' id='word_1_304' title='bbox 1088 2624 1129 2664; x_wconf 82' lang='lat'><strong>6.</strong></span> <span class='ocrx_word' id='word_1_305' title='bbox 1148 2624 1185 2662; x_wconf 75' lang='lat' dir='ltr'><strong>F</strong></span> <span class='ocrx_word' id='word_1_306' title='bbox 1202 2624 1243 2666; x_wconf 82' lang='lat'><strong>4,</strong></span> <span class='ocrx_word' id='word_1_307' title='bbox 1268 2624 1309 2664; x_wconf 81' lang='lat' dir='ltr'>G</span> <span class='ocrx_word' id='word_1_308' title='bbox 1328 2626 1467 2672; x_wconf 77' lang='lat'><strong>1—43</strong></span> <span class='ocrx_word' id='word_1_309' title='bbox 1497 2620 1690 2664; x_wconf 82' lang='lat' dir='ltr'><strong>merced&#39;</strong></span> <span class='ocrx_word' id='word_1_310' title='bbox 1714 2635 1764 2664; x_wconf 86' lang='lat' dir='ltr'><strong>se</strong></span> <span class='ocrx_word' id='word_1_311' title='bbox 1781 2619 1909 2664; x_wconf 72' lang='lat' dir='ltr'><strong>dedit</strong></span> <span class='ocrx_word' id='word_1_312' title='bbox 1923 2624 1966 2664; x_wconf 79' lang='lat' dir='ltr'>A</span> <span class='ocrx_word' id='word_1_313' title='bbox 1981 2625 2032 2673; x_wconf 81' lang='lat'><strong>43</strong></span> <span class='ocrx_word' id='word_1_314' title='bbox 2047 2624 2260 2665; x_wconf 84' lang='lat' dir='ltr'><strong>mercede</strong></span> <span class='ocrx_word' id='word_1_315' title='bbox 2279 2635 2329 2663; x_wconf 85' lang='lat' dir='ltr'><strong>se</strong></span> <span class='ocrx_word' id='word_1_316' title='bbox 2347 2624 2526 2664; x_wconf 83' lang='lat' dir='ltr'><strong>dederit</strong></span> <span class='ocrx_word' id='word_1_317' title='bbox 2541 2624 2580 2664; x_wconf 79' lang='lat' dir='ltr'>A</span> <span class='ocrx_word' id='word_1_318' title='bbox 2599 2625 2652 2673; x_wconf 73' lang='grc' dir='ltr'><strong>ὃς</strong></span> <span class='ocrx_word' id='word_1_319' title='bbox 2673 2635 2784 2664; x_wconf 84' lang='lat' dir='ltr'><strong>mer·</strong></span> 
     </span>
     <span class='ocr_line' id='line_1_30' title="bbox 536 2680 2783 2733; baseline -0.001 -9"><span class='ocrx_word' id='word_1_320' title='bbox 536 2685 661 2724; x_wconf 87' lang='lat' dir='ltr'><strong>cedis</strong></span> <span class='ocrx_word' id='word_1_321' title='bbox 694 2683 866 2723; x_wconf 84' lang='lat' dir='ltr'><strong>sederit</strong></span> <span class='ocrx_word' id='word_1_322' title='bbox 894 2683 987 2722; x_wconf 84' lang='lat' dir='ltr'><strong>El.</strong></span> <span class='ocrx_word' id='word_1_323' title='bbox 1052 2681 1099 2733; x_wconf 90' lang='lat' dir='ltr'><strong>q)</strong></span> <span class='ocrx_word' id='word_1_324' title='bbox 1134 2683 1250 2722; x_wconf 83' lang='lat' dir='ltr'><strong>Item</strong></span> <span class='ocrx_word' id='word_1_325' title='bbox 1286 2703 1337 2712; x_wconf 89' lang='lat'><strong>·--</strong></span> <span class='ocrx_word' id='word_1_326' title='bbox 1372 2693 1526 2731; x_wconf 76' lang='lat' dir='ltr'><strong>regem</strong></span> <span class='ocrx_word' id='word_1_327' title='bbox 1557 2685 1644 2723; x_wconf 77' lang='lat' dir='ltr'><strong>des.</strong></span> <span class='ocrx_word' id='word_1_328' title='bbox 1669 2680 1788 2723; x_wconf 75' lang='lat' dir='ltr'><strong>A‘4.</strong></span> <span class='ocrx_word' id='word_1_329' title='bbox 1807 2682 1850 2727; x_wconf 85' lang='lat'><strong>5.</strong></span> <span class='ocrx_word' id='word_1_330' title='bbox 1869 2685 1913 2724; x_wconf 87' lang='grc'><strong>6.</strong></span> <span class='ocrx_word' id='word_1_331' title='bbox 1946 2683 1984 2722; x_wconf 90' lang='lat' dir='ltr'>B</span> <span class='ocrx_word' id='word_1_332' title='bbox 2015 2686 2085 2724; x_wconf 80' lang='lat' dir='ltr'><strong>la.</strong></span> <span class='ocrx_word' id='word_1_333' title='bbox 2119 2684 2162 2724; x_wconf 86' lang='grc'><strong>2.</strong></span> <span class='ocrx_word' id='word_1_334' title='bbox 2190 2682 2286 2724; x_wconf 75' lang='grc'><strong>08.</strong></span> <span class='ocrx_word' id='word_1_335' title='bbox 2316 2683 2360 2724; x_wconf 87' lang='lat'><strong>5.</strong></span> <span class='ocrx_word' id='word_1_336' title='bbox 2393 2684 2496 2722; x_wconf 86' lang='lat' dir='ltr'><strong>D4.</strong></span> <span class='ocrx_word' id='word_1_337' title='bbox 2529 2684 2571 2724; x_wconf 87' lang='grc'><strong>6.</strong></span> <span class='ocrx_word' id='word_1_338' title='bbox 2603 2683 2646 2722; x_wconf 86' lang='grc'><strong>9.</strong></span> <span class='ocrx_word' id='word_1_339' title='bbox 2679 2682 2783 2722; x_wconf 79' lang='lat' dir='ltr'><strong>Gr4.</strong></span> 
     </span>
     <span class='ocr_line' id='line_1_31' title="bbox 538 2739 2784 2793; baseline 0 -12"><span class='ocrx_word' id='word_1_340' title='bbox 538 2743 562 2781; x_wconf 92' lang='lat'>1</span> <span class='ocrx_word' id='word_1_341' title='bbox 596 2743 647 2792; x_wconf 67' lang='grc' dir='ltr'><strong>ὃς</strong></span> <span class='ocrx_word' id='word_1_342' title='bbox 688 2742 815 2781; x_wconf 77' lang='lat' dir='ltr'><strong>iidem</strong></span> <span class='ocrx_word' id='word_1_343' title='bbox 845 2745 883 2780; x_wconf 80' lang='lat' dir='ltr'><strong>ct</strong></span> <span class='ocrx_word' id='word_1_344' title='bbox 912 2741 1039 2780; x_wconf 79' lang='lat' dir='ltr'><strong>ceteri</strong></span> <span class='ocrx_word' id='word_1_345' title='bbox 1072 2741 1120 2782; x_wconf 80' lang='grc' dir='ltr'><strong>Ο.</strong></span> <span class='ocrx_word' id='word_1_346' title='bbox 1152 2741 1212 2782; x_wconf 91' lang='lat' dir='ltr'><strong>D.</strong></span> <span class='ocrx_word' id='word_1_347' title='bbox 1245 2742 1283 2780; x_wconf 70' lang='lat'><strong>1⁴*</strong></span> <span class='ocrx_word' id='word_1_348' title='bbox 1314 2741 1356 2783; x_wconf 87' lang='lat'><strong>5.</strong></span> <span class='ocrx_word' id='word_1_349' title='bbox 1391 2741 1433 2782; x_wconf 78' lang='lat' dir='ltr'><strong>G</strong></span> <span class='ocrx_word' id='word_1_350' title='bbox 1464 2741 1537 2782; x_wconf 74' lang='lat' dir='ltr'><strong>5a.</strong></span> <span class='ocrx_word' id='word_1_351' title='bbox 1559 2754 1583 2782; x_wconf 94' lang='lat' dir='ltr'><strong>c</strong></span> <span class='ocrx_word' id='word_1_352' title='bbox 1614 2743 1682 2782; x_wconf 76' lang='lat' dir='ltr'><strong>hic</strong></span> <span class='ocrx_word' id='word_1_353' title='bbox 1709 2753 1869 2782; x_wconf 84' lang='lat' dir='ltr'><strong>novum</strong></span> <span class='ocrx_word' id='word_1_354' title='bbox 1897 2742 2110 2792; x_wconf 80' lang='lat' dir='ltr'><strong>incipiunt</strong></span> <span class='ocrx_word' id='word_1_355' title='bbox 2141 2753 2238 2791; x_wconf 76' lang='lat' dir='ltr'><strong>cap.</strong></span> <span class='ocrx_word' id='word_1_356' title='bbox 2362 2739 2402 2793; x_wconf 88' lang='lat' dir='ltr'><strong>r)</strong></span> <span class='ocrx_word' id='word_1_357' title='bbox 2435 2741 2642 2790; x_wconf 73' lang='lat' dir='ltr'><strong>Agilolfo</strong></span> <span class='ocrx_word' id='word_1_358' title='bbox 2673 2743 2710 2781; x_wconf 75' lang='lat' dir='ltr'><strong>F</strong></span> <span class='ocrx_word' id='word_1_359' title='bbox 2743 2745 2784 2782; x_wconf 89' lang='lat'><strong>1.</strong></span> 
     </span>
    </p>
   </div>
   <div class='ocr_carea' id='block_1_5' title="bbox 531 2833 2785 4442">
    <p class='ocr_par' dir='ltr' id='par_1_5' title="bbox 531 2833 2785 4442">
     <span class='ocr_line' id='line_1_32' title="bbox 542 2833 2784 2903; baseline 0.001 -17"><span class='ocrx_word' id='word_1_360' title='bbox 542 2836 598 2903; x_wconf 89' lang='lat'><strong>1)</strong></span> <span class='ocrx_word' id='word_1_361' title='bbox 619 2837 747 2902; x_wconf 75' lang='lat' dir='ltr'><strong>Req.</strong></span> <span class='ocrx_word' id='word_1_362' title='bbox 769 2835 867 2897; x_wconf 86' lang='lat' dir='ltr'><strong>IX,</strong></span> <span class='ocrx_word' id='word_1_363' title='bbox 892 2835 983 2885; x_wconf 81' lang='lat'><strong>42.</strong></span> <span class='ocrx_word' id='word_1_364' title='bbox 1021 2835 1110 2885; x_wconf 75' lang='lat' dir='ltr'><strong>Ex</strong></span> <span class='ocrx_word' id='word_1_365' title='bbox 1140 2833 1361 2902; x_wconf 75' lang='lat' dir='ltr'><strong>reqistro</strong></span> <span class='ocrx_word' id='word_1_366' title='bbox 1384 2845 1610 2902; x_wconf 88' lang='lat' dir='ltr'><strong>apparet</strong></span> <span class='ocrx_word' id='word_1_367' title='bbox 1629 2837 1726 2888; x_wconf 81' lang='lat' dir='ltr'><strong>has</strong></span> <span class='ocrx_word' id='word_1_368' title='bbox 1751 2837 1954 2889; x_wconf 85' lang='lat' dir='ltr'><strong>litteras</strong></span> <span class='ocrx_word' id='word_1_369' title='bbox 1975 2838 2132 2889; x_wconf 79' lang='lat' dir='ltr'><strong>datas</strong></span> <span class='ocrx_word' id='word_1_370' title='bbox 2150 2835 2439 2888; x_wconf 76' lang='lat' dir='ltr'><strong>indictione</strong></span> <span class='ocrx_word' id='word_1_371' title='bbox 2460 2837 2512 2888; x_wconf 84' lang='lat'><strong>2.</strong></span> <span class='ocrx_word' id='word_1_372' title='bbox 2550 2836 2622 2888; x_wconf 84' lang='lat' dir='ltr'><strong>At</strong></span> <span class='ocrx_word' id='word_1_373' title='bbox 2641 2838 2690 2889; x_wconf 86' lang='lat' dir='ltr'><strong>si</strong></span> <span class='ocrx_word' id='word_1_374' title='bbox 2707 2855 2784 2889; x_wconf 87' lang='lat' dir='ltr'><strong>se-</strong></span> 
     </span>
     <span class='ocr_line' id='line_1_33' title="bbox 538 2907 2781 2976; baseline 0 -16"><span class='ocrx_word' id='word_1_375' title='bbox 538 2908 718 2976; x_wconf 77' lang='lat' dir='ltr'><strong>quenti</strong></span> <span class='ocrx_word' id='word_1_376' title='bbox 742 2925 915 2962; x_wconf 85' lang='lat' dir='ltr'><strong>mense</strong></span> <span class='ocrx_word' id='word_1_377' title='bbox 952 2907 1221 2959; x_wconf 86' lang='lat' dir='ltr'><strong>Januario</strong></span> <span class='ocrx_word' id='word_1_378' title='bbox 1261 2909 1520 2974; x_wconf 77' lang='lat' dir='ltr'><strong>apparuit</strong></span> <span class='ocrx_word' id='word_1_379' title='bbox 1556 2910 1707 2961; x_wconf 78' lang='lat' dir='ltr'><strong>stella</strong></span> <span class='ocrx_word' id='word_1_380' title='bbox 1733 2921 1964 2973; x_wconf 81' lang='lat' dir='ltr'><strong>cometes,</strong></span> <span class='ocrx_word' id='word_1_381' title='bbox 2003 2917 2051 2962; x_wconf 87' lang='lat' dir='ltr'><strong>et</strong></span> <span class='ocrx_word' id='word_1_382' title='bbox 2073 2910 2310 2962; x_wconf 80' lang='lat' dir='ltr'><strong>Joannes</strong></span> <span class='ocrx_word' id='word_1_383' title='bbox 2349 2908 2781 2975; x_wconf 75' lang='lat' dir='ltr'><strong>archiepiscopus</strong></span> 
     </span>
     <span class='ocr_line' id='line_1_34' title="bbox 536 2983 2780 3050; baseline 0 -16"><span class='ocrx_word' id='word_1_384' title='bbox 536 2983 831 3035; x_wconf 60' lang='lat' dir='ltr'><strong>Ravennae</strong></span> <span class='ocrx_word' id='word_1_385' title='bbox 866 2989 1198 3046; x_wconf 75' lang='lat' dir='ltr'><strong>mortuusest,</strong></span> <span class='ocrx_word' id='word_1_386' title='bbox 1235 2983 1384 3048; x_wconf 78' lang='lat' dir='ltr'><strong>isque</strong></span> <span class='ocrx_word' id='word_1_387' title='bbox 1423 2999 1565 3034; x_wconf 87' lang='lat' dir='ltr'><strong>anno</strong></span> <span class='ocrx_word' id='word_1_388' title='bbox 1607 2985 1732 3047; x_wconf 84' lang='lat'><strong>595,</strong></span> <span class='ocrx_word' id='word_1_389' title='bbox 1781 2992 1842 3034; x_wconf 88' lang='lat' dir='ltr'><strong>ut</strong></span> <span class='ocrx_word' id='word_1_390' title='bbox 1878 2983 2152 3036; x_wconf 86' lang='lat' dir='ltr'><strong>Baronius</strong></span> <span class='ocrx_word' id='word_1_391' title='bbox 2191 2993 2240 3036; x_wconf 87' lang='lat' dir='ltr'><strong>et</strong></span> <span class='ocrx_word' id='word_1_392' title='bbox 2277 2999 2343 3035; x_wconf 77' lang='lat' dir='ltr'><strong>ex</strong></span> <span class='ocrx_word' id='word_1_393' title='bbox 2379 2983 2602 3050; x_wconf 70' lang='lat' dir='ltr'><strong>Aynello</strong></span> <span class='ocrx_word' id='word_1_394' title='bbox 2640 2983 2780 3034; x_wconf 90' lang='lat' dir='ltr'><strong>Bac-</strong></span> 
     </span>
     <span class='ocr_line' id='line_1_35' title="bbox 536 3054 2780 3122; baseline -0 -14"><span class='ocrx_word' id='word_1_395' title='bbox 536 3056 745 3108; x_wconf 78' lang='lat' dir='ltr'><strong>chinius</strong></span> <span class='ocrx_word' id='word_1_396' title='bbox 782 3055 1064 3120; x_wconf 71' lang='lat' dir='ltr'><strong>contendit,</strong></span> <span class='ocrx_word' id='word_1_397' title='bbox 1102 3072 1130 3107; x_wconf 88' lang='lat' dir='ltr'><strong>e</strong></span> <span class='ocrx_word' id='word_1_398' title='bbox 1160 3054 1296 3106; x_wconf 82' lang='lat' dir='ltr'><strong>vivis</strong></span> <span class='ocrx_word' id='word_1_399' title='bbox 1334 3056 1574 3107; x_wconf 81' lang='lat' dir='ltr'><strong>sublatus</strong></span> <span class='ocrx_word' id='word_1_400' title='bbox 1613 3064 1703 3118; x_wconf 84' lang='lat' dir='ltr'><strong>est,</strong></span> <span class='ocrx_word' id='word_1_401' title='bbox 1745 3057 1818 3108; x_wconf 90' lang='lat' dir='ltr'><strong>ad</strong></span> <span class='ocrx_word' id='word_1_402' title='bbox 1854 3058 2150 3122; x_wconf 76' lang='lat' dir='ltr'><strong>superiores</strong></span> <span class='ocrx_word' id='word_1_403' title='bbox 2189 3073 2357 3108; x_wconf 81' lang='lat' dir='ltr'><strong>annos</strong></span> <span class='ocrx_word' id='word_1_404' title='bbox 2380 3057 2609 3122; x_wconf 86' lang='lat' dir='ltr'><strong>firmata</strong></span> <span class='ocrx_word' id='word_1_405' title='bbox 2633 3055 2780 3107; x_wconf 89' lang='lat' dir='ltr'><strong>Lan-</strong></span> 
     </span>
     <span class='ocr_line' id='line_1_36' title="bbox 531 3129 2782 3199; baseline -0.001 -17"><span class='ocrx_word' id='word_1_406' title='bbox 531 3130 797 3199; x_wconf 77' lang='lat' dir='ltr'><strong>9obardos</strong></span> <span class='ocrx_word' id='word_1_407' title='bbox 834 3130 973 3182; x_wconf 86' lang='lat' dir='ltr'><strong>inter</strong></span> <span class='ocrx_word' id='word_1_408' title='bbox 1010 3137 1059 3181; x_wconf 88' lang='lat' dir='ltr'><strong>et</strong></span> <span class='ocrx_word' id='word_1_409' title='bbox 1083 3129 1351 3180; x_wconf 83' lang='lat' dir='ltr'><strong>Romanos</strong></span> <span class='ocrx_word' id='word_1_410' title='bbox 1377 3146 1502 3194; x_wconf 74' lang='lat' dir='ltr'><strong>pax</strong></span> <span class='ocrx_word' id='word_1_411' title='bbox 1529 3137 1658 3180; x_wconf 85' lang='lat' dir='ltr'><strong>esset</strong></span> <span class='ocrx_word' id='word_1_412' title='bbox 1695 3131 2015 3182; x_wconf 86' lang='lat' dir='ltr'><strong>revocanda.</strong></span> <span class='ocrx_word' id='word_1_413' title='bbox 2091 3131 2310 3182; x_wconf 76' lang='lat' dir='ltr'><strong>Minime</strong></span> <span class='ocrx_word' id='word_1_414' title='bbox 2347 3147 2471 3180; x_wconf 86' lang='lat' dir='ltr'><strong>vero</strong></span> <span class='ocrx_word' id='word_1_415' title='bbox 2510 3139 2782 3195; x_wconf 79' lang='lat' dir='ltr'><strong>acceptam</strong></span> 
     </span>
     <span class='ocr_line' id='line_1_37' title="bbox 536 3202 2784 3270; baseline -0.001 -14"><span class='ocrx_word' id='word_1_416' title='bbox 536 3205 674 3256; x_wconf 79' lang='lat' dir='ltr'><strong>hanc</strong></span> <span class='ocrx_word' id='word_1_417' title='bbox 737 3203 1088 3255; x_wconf 74' lang='lat' dir='ltr'><strong>chronotaoein</strong></span> <span class='ocrx_word' id='word_1_418' title='bbox 1143 3211 1427 3255; x_wconf 83' lang='lat' dir='ltr'><strong>everterem</strong></span> <span class='ocrx_word' id='word_1_419' title='bbox 1489 3209 1796 3270; x_wconf 63' lang='lat' dir='ltr'><strong>argumento</strong></span> <span class='ocrx_word' id='word_1_420' title='bbox 1851 3202 2188 3270; x_wconf 81' lang='lat' dir='ltr'><strong>potissimum</strong></span> <span class='ocrx_word' id='word_1_421' title='bbox 2247 3203 2467 3254; x_wconf 85' lang='lat' dir='ltr'><strong>alterius</strong></span> <span class='ocrx_word' id='word_1_422' title='bbox 2526 3202 2784 3268; x_wconf 81' lang='lat' dir='ltr'><strong>epistolae</strong></span> 
     </span>
     <span class='ocr_line' id='line_1_38' title="bbox 534 3274 2785 3346; baseline -0.001 -16"><span class='ocrx_word' id='word_1_423' title='bbox 534 3277 766 3346; x_wconf 77' lang='lat' dir='ltr'><strong>ejusdem</strong></span> <span class='ocrx_word' id='word_1_424' title='bbox 803 3294 845 3328; x_wconf 78' lang='lat' dir='ltr'><strong>s.</strong></span> <span class='ocrx_word' id='word_1_425' title='bbox 893 3275 1162 3344; x_wconf 73' lang='lat' dir='ltr'><strong>pontificis</strong></span> <span class='ocrx_word' id='word_1_426' title='bbox 1200 3277 1275 3328; x_wconf 93' lang='lat' dir='ltr'><strong>ad</strong></span> <span class='ocrx_word' id='word_1_427' title='bbox 1328 3274 1698 3328; x_wconf 88' lang='lat' dir='ltr'><strong>Innocentium</strong></span> <span class='ocrx_word' id='word_1_428' title='bbox 1732 3274 1954 3342; x_wconf 68' lang='lat' dir='ltr'><strong>Africae</strong></span> <span class='ocrx_word' id='word_1_429' title='bbox 1997 3277 2332 3342; x_wconf 79' lang='lat' dir='ltr'><strong>praefectum</strong></span> <span class='ocrx_word' id='word_1_430' title='bbox 2389 3276 2476 3327; x_wconf 90' lang='lat' dir='ltr'><strong>lib.</strong></span> <span class='ocrx_word' id='word_1_431' title='bbox 2515 3275 2584 3340; x_wconf 87' lang='lat' dir='ltr'><strong>X,</strong></span> <span class='ocrx_word' id='word_1_432' title='bbox 2623 3276 2785 3328; x_wconf 83' lang='lat' dir='ltr'><strong>datae</strong></span> 
     </span>
     <span class='ocr_line' id='line_1_39' title="bbox 534 3348 2783 3416; baseline -0.001 -14"><span class='ocrx_word' id='word_1_433' title='bbox 534 3352 877 3416; x_wconf 72' lang='lat' dir='ltr'><strong>subsequente</strong></span> <span class='ocrx_word' id='word_1_434' title='bbox 930 3348 1217 3401; x_wconf 79' lang='lat' dir='ltr'><strong>indictione</strong></span> <span class='ocrx_word' id='word_1_435' title='bbox 1258 3351 1308 3412; x_wconf 88' lang='grc'><strong>3,</strong></span> <span class='ocrx_word' id='word_1_436' title='bbox 1382 3350 1441 3400; x_wconf 91' lang='lat' dir='ltr'><strong>in</strong></span> <span class='ocrx_word' id='word_1_437' title='bbox 1497 3366 1608 3416; x_wconf 83' lang='lat' dir='ltr'><strong>qua</strong></span> <span class='ocrx_word' id='word_1_438' title='bbox 1666 3348 1873 3401; x_wconf 75' lang='lat' dir='ltr'><strong>scribit:</strong></span> <span class='ocrx_word' id='word_1_439' title='bbox 1935 3350 2337 3416; x_wconf 75' lang='lat' dir='ltr'><strong>cognoscentes</strong></span> <span class='ocrx_word' id='word_1_440' title='bbox 2393 3351 2575 3414; x_wconf 84' lang='lat' dir='ltr'><strong>igitur,</strong></span> <span class='ocrx_word' id='word_1_441' title='bbox 2623 3350 2783 3415; x_wconf 81' lang='lat' dir='ltr'><strong>quale</strong></span> 
     </span>
     <span class='ocr_line' id='line_1_40' title="bbox 536 3423 2784 3490; baseline -0.001 -15"><span class='ocrx_word' id='word_1_442' title='bbox 536 3425 770 3475; x_wconf 87' lang='lat' dir='ltr'><strong>studium</strong></span> <span class='ocrx_word' id='word_1_443' title='bbox 808 3425 866 3474; x_wconf 88' lang='lat' dir='ltr'><strong>in</strong></span> <span class='ocrx_word' id='word_1_444' title='bbox 902 3424 1287 3490; x_wconf 83' lang='lat' dir='ltr'><strong>praeparandis</strong></span> <span class='ocrx_word' id='word_1_445' title='bbox 1341 3423 1684 3474; x_wconf 87' lang='lat' dir='ltr'><strong>dromonibus</strong></span> <span class='ocrx_word' id='word_1_446' title='bbox 1733 3425 2026 3489; x_wconf 86' lang='lat' dir='ltr'><strong>gesseritis,</strong></span> <span class='ocrx_word' id='word_1_447' title='bbox 2078 3423 2498 3474; x_wconf 83' lang='lat' dir='ltr'><strong>sollicitudinem</strong></span> <span class='ocrx_word' id='word_1_448' title='bbox 2547 3429 2784 3474; x_wconf 79' lang='lat' dir='ltr'><strong>vestram</strong></span> 
     </span>
     <span class='ocr_line' id='line_1_41' title="bbox 538 3496 2784 3564; baseline 0 -18"><span class='ocrx_word' id='word_1_449' title='bbox 538 3497 841 3548; x_wconf 85' lang='lat' dir='ltr'><strong>desiderato</strong></span> <span class='ocrx_word' id='word_1_450' title='bbox 868 3497 1053 3546; x_wconf 89' lang='lat' dir='ltr'><strong>nuntio</strong></span> <span class='ocrx_word' id='word_1_451' title='bbox 1089 3496 1406 3559; x_wconf 83' lang='lat' dir='ltr'><strong>relevamus,</strong></span> <span class='ocrx_word' id='word_1_452' title='bbox 1441 3497 1763 3561; x_wconf 84' lang='lat' dir='ltr'><strong>indicantes,</strong></span> <span class='ocrx_word' id='word_1_453' title='bbox 1802 3513 1922 3547; x_wconf 87' lang='lat' dir='ltr'><strong>cum</strong></span> <span class='ocrx_word' id='word_1_454' title='bbox 1954 3496 2430 3562; x_wconf 81' lang='lat' dir='ltr'><strong>Langobardorum</strong></span> <span class='ocrx_word' id='word_1_455' title='bbox 2455 3512 2585 3561; x_wconf 90' lang='lat' dir='ltr'><strong>rege</strong></span> <span class='ocrx_word' id='word_1_456' title='bbox 2611 3511 2784 3564; x_wconf 84' lang='lat' dir='ltr'><strong>usque</strong></span> 
     </span>
     <span class='ocr_line' id='line_1_42' title="bbox 537 3569 2780 3636; baseline 0 -17"><span class='ocrx_word' id='word_1_457' title='bbox 537 3570 607 3619; x_wconf 90' lang='lat' dir='ltr'><strong>ad</strong></span> <span class='ocrx_word' id='word_1_458' title='bbox 646 3585 884 3620; x_wconf 90' lang='lat' dir='ltr'><strong>mensem</strong></span> <span class='ocrx_word' id='word_1_459' title='bbox 934 3571 1185 3620; x_wconf 85' lang='lat' dir='ltr'><strong>Martium</strong></span> <span class='ocrx_word' id='word_1_460' title='bbox 1238 3570 1447 3620; x_wconf 87' lang='lat' dir='ltr'><strong>futurae</strong></span> <span class='ocrx_word' id='word_1_461' title='bbox 1506 3575 1728 3636; x_wconf 82' lang='lat' dir='ltr'><strong>quartae</strong></span> <span class='ocrx_word' id='word_1_462' title='bbox 1764 3572 2074 3621; x_wconf 86' lang='lat' dir='ltr'><strong>indictionis</strong></span> <span class='ocrx_word' id='word_1_463' title='bbox 2115 3569 2182 3620; x_wconf 90' lang='lat' dir='ltr'><strong>de</strong></span> <span class='ocrx_word' id='word_1_464' title='bbox 2238 3585 2393 3636; x_wconf 82' lang='lat' dir='ltr'><strong>pace,</strong></span> <span class='ocrx_word' id='word_1_465' title='bbox 2449 3570 2780 3636; x_wconf 82' lang='lat' dir='ltr'><strong>propitiante</strong></span> 
     </span>
     <span class='ocr_line' id='line_1_43' title="bbox 536 3643 2782 3709; baseline 0 -17"><span class='ocrx_word' id='word_1_466' title='bbox 536 3643 787 3706; x_wconf 87' lang='lat' dir='ltr'><strong>Domino,</strong></span> <span class='ocrx_word' id='word_1_467' title='bbox 843 3643 1177 3694; x_wconf 85' lang='lat' dir='ltr'><strong>convenisse.</strong></span> <span class='ocrx_word' id='word_1_468' title='bbox 1269 3643 1420 3704; x_wconf 81' lang='lat' dir='ltr'><strong>Quae</strong></span> <span class='ocrx_word' id='word_1_469' title='bbox 1457 3645 1505 3693; x_wconf 91' lang='lat' dir='ltr'><strong>si</strong></span> <span class='ocrx_word' id='word_1_470' title='bbox 1559 3645 1864 3708; x_wconf 86' lang='lat' dir='ltr'><strong>retineatur,</strong></span> <span class='ocrx_word' id='word_1_471' title='bbox 1915 3646 2238 3709; x_wconf 86' lang='lat' dir='ltr'><strong>ignoramus,</strong></span> <span class='ocrx_word' id='word_1_472' title='bbox 2301 3644 2429 3709; x_wconf 89' lang='lat' dir='ltr'><strong>quia</strong></span> <span class='ocrx_word' id='word_1_473' title='bbox 2483 3643 2631 3693; x_wconf 87' lang='lat' dir='ltr'><strong>idem</strong></span> <span class='ocrx_word' id='word_1_474' title='bbox 2688 3658 2782 3693; x_wconf 84' lang='lat' dir='ltr'><strong>rex</strong></span> 
     </span>
     <span class='ocr_line' id='line_1_44' title="bbox 536 3713 2781 3782; baseline 0 -16"><span class='ocrx_word' id='word_1_475' title='bbox 536 3716 735 3766; x_wconf 86' lang='lat' dir='ltr'><strong>obiisse</strong></span> <span class='ocrx_word' id='word_1_476' title='bbox 772 3721 963 3782; x_wconf 85' lang='lat' dir='ltr'><strong>postea</strong></span> <span class='ocrx_word' id='word_1_477' title='bbox 998 3716 1283 3766; x_wconf 86' lang='lat' dir='ltr'><strong>nunciatus</strong></span> <span class='ocrx_word' id='word_1_478' title='bbox 1322 3721 1419 3779; x_wconf 91' lang='lat' dir='ltr'><strong>est,</strong></span> <span class='ocrx_word' id='word_1_479' title='bbox 1474 3717 1606 3767; x_wconf 89' lang='lat' dir='ltr'><strong>licet</strong></span> <span class='ocrx_word' id='word_1_480' title='bbox 1653 3717 1832 3768; x_wconf 86' lang='lat' dir='ltr'><strong>adhuc</strong></span> <span class='ocrx_word' id='word_1_481' title='bbox 1881 3717 2141 3768; x_wconf 82' lang='lat' dir='ltr'><strong>habeatur</strong></span> <span class='ocrx_word' id='word_1_482' title='bbox 2188 3718 2468 3767; x_wconf 87' lang='lat' dir='ltr'><strong>incertum.</strong></span> <span class='ocrx_word' id='word_1_483' title='bbox 2549 3713 2781 3782; x_wconf 79' lang='lat' dir='ltr'><strong>Oumque</strong></span> 
     </span>
     <span class='ocr_line' id='line_1_45' title="bbox 535 3786 2778 3855; baseline 0.001 -17"><span class='ocrx_word' id='word_1_484' title='bbox 535 3789 594 3838; x_wconf 90' lang='lat' dir='ltr'><strong>in</strong></span> <span class='ocrx_word' id='word_1_485' title='bbox 632 3805 697 3840; x_wconf 85' lang='lat' dir='ltr'><strong>ea</strong></span> <span class='ocrx_word' id='word_1_486' title='bbox 724 3803 917 3853; x_wconf 80' lang='lat' dir='ltr'><strong>pacem</strong></span> <span class='ocrx_word' id='word_1_487' title='bbox 950 3787 1026 3838; x_wconf 89' lang='lat' dir='ltr'><strong>ad</strong></span> <span class='ocrx_word' id='word_1_488' title='bbox 1054 3786 1359 3854; x_wconf 73' lang='lat' dir='ltr'><strong>proximam</strong></span> <span class='ocrx_word' id='word_1_489' title='bbox 1396 3795 1644 3855; x_wconf 80' lang='lat' dir='ltr'><strong>quartam</strong></span> <span class='ocrx_word' id='word_1_490' title='bbox 1688 3788 2026 3842; x_wconf 80' lang='lat' dir='ltr'><strong>indictionem</strong></span> <span class='ocrx_word' id='word_1_491' title='bbox 2075 3789 2334 3841; x_wconf 81' lang='lat' dir='ltr'><strong>sancitam</strong></span> <span class='ocrx_word' id='word_1_492' title='bbox 2374 3786 2557 3852; x_wconf 89' lang='lat' dir='ltr'><strong>fuisse</strong></span> <span class='ocrx_word' id='word_1_493' title='bbox 2597 3797 2778 3854; x_wconf 79' lang='lat' dir='ltr'><strong>aperte</strong></span> 
     </span>
     <span class='ocr_line' id='line_1_46' title="bbox 536 3860 2778 3930; baseline 0 -18"><span class='ocrx_word' id='word_1_494' title='bbox 536 3867 747 3924; x_wconf 79' lang='lat' dir='ltr'><strong>constet,</strong></span> <span class='ocrx_word' id='word_1_495' title='bbox 786 3860 943 3912; x_wconf 86' lang='lat' dir='ltr'><strong>datas</strong></span> <span class='ocrx_word' id='word_1_496' title='bbox 982 3861 1141 3912; x_wconf 79' lang='lat' dir='ltr'><strong>etiwm</strong></span> <span class='ocrx_word' id='word_1_497' title='bbox 1176 3862 1504 3913; x_wconf 82' lang='lat' dir='ltr'><strong>antecedenti</strong></span> <span class='ocrx_word' id='word_1_498' title='bbox 1541 3864 1592 3916; x_wconf 81' lang='lat'><strong>2.</strong></span> <span class='ocrx_word' id='word_1_499' title='bbox 1627 3864 2012 3930; x_wconf 74' lang='lat' dir='ltr'><strong>qratulatorias</strong></span> <span class='ocrx_word' id='word_1_500' title='bbox 2052 3863 2125 3914; x_wconf 89' lang='lat' dir='ltr'><strong>ad</strong></span> <span class='ocrx_word' id='word_1_501' title='bbox 2146 3860 2495 3930; x_wconf 74' lang='lat' dir='ltr'><strong>Aqilulplzum</strong></span> <span class='ocrx_word' id='word_1_502' title='bbox 2531 3869 2580 3913; x_wconf 88' lang='lat' dir='ltr'><strong>et</strong></span> <span class='ocrx_word' id='word_1_503' title='bbox 2615 3861 2778 3914; x_wconf 72' lang='lat' dir='ltr'><strong>Theo·</strong></span> 
     </span>
     <span class='ocr_line' id='line_1_47' title="bbox 536 3933 2775 4002; baseline 0 -16"><span class='ocrx_word' id='word_1_504' title='bbox 536 3933 829 3998; x_wconf 83' lang='lat' dir='ltr'><strong>dolindam,</strong></span> <span class='ocrx_word' id='word_1_505' title='bbox 874 3934 1167 3986; x_wconf 84' lang='lat' dir='ltr'><strong>necessario</strong></span> <span class='ocrx_word' id='word_1_506' title='bbox 1205 3933 1485 3986; x_wconf 85' lang='lat' dir='ltr'><strong>dicendum</strong></span> <span class='ocrx_word' id='word_1_507' title='bbox 1536 3944 1612 3987; x_wconf 82' lang='lat' dir='ltr'><strong>est</strong></span> <span class='ocrx_word' id='word_1_508' title='bbox 1649 3952 1714 3987; x_wconf 75' lang='lat' dir='ltr'><strong>ex</strong></span> <span class='ocrx_word' id='word_1_509' title='bbox 1765 3937 2015 3990; x_wconf 85' lang='lat' dir='ltr'><strong>brevitate</strong></span> <span class='ocrx_word' id='word_1_510' title='bbox 2065 3936 2326 4002; x_wconf 84' lang='lat' dir='ltr'><strong>temporis,</strong></span> <span class='ocrx_word' id='word_1_511' title='bbox 2380 3951 2489 4000; x_wconf 79' lang='lat' dir='ltr'><strong>qua</strong></span> <span class='ocrx_word' id='word_1_512' title='bbox 2535 3935 2775 3986; x_wconf 84' lang='lat' dir='ltr'><strong>nondum</strong></span> 
     </span>
     <span class='ocr_line' id='line_1_48' title="bbox 534 4006 2774 4076; baseline 0 -18"><span class='ocrx_word' id='word_1_513' title='bbox 534 4008 806 4060; x_wconf 78' lang='lat' dir='ltr'><strong>constabat</strong></span> <span class='ocrx_word' id='word_1_514' title='bbox 842 4006 908 4058; x_wconf 89' lang='lat' dir='ltr'><strong>de</strong></span> <span class='ocrx_word' id='word_1_515' title='bbox 944 4007 1247 4059; x_wconf 84' lang='lat' dir='ltr'><strong>valetudine</strong></span> <span class='ocrx_word' id='word_1_516' title='bbox 1294 4008 1451 4075; x_wconf 76' lang='lat' dir='ltr'><strong>reqis.</strong></span> <span class='ocrx_word' id='word_1_517' title='bbox 1541 4009 1630 4060; x_wconf 73' lang='lat' dir='ltr'><strong>Ex</strong></span> <span class='ocrx_word' id='word_1_518' title='bbox 1669 4025 1734 4060; x_wconf 89' lang='lat' dir='ltr'><strong>ea</strong></span> <span class='ocrx_word' id='word_1_519' title='bbox 1771 4009 1929 4061; x_wconf 88' lang='lat' dir='ltr'><strong>etiam</strong></span> <span class='ocrx_word' id='word_1_520' title='bbox 1966 4009 2188 4076; x_wconf 80' lang='lat' dir='ltr'><strong>epistola</strong></span> <span class='ocrx_word' id='word_1_521' title='bbox 2237 4008 2589 4074; x_wconf 71' lang='lat' dir='ltr'><strong>coqnoscimus</strong></span> <span class='ocrx_word' id='word_1_522' title='bbox 2616 4007 2774 4074; x_wconf 81' lang='lat' dir='ltr'><strong>pacis</strong></span> 
     </span>
     <span class='ocr_line' id='line_1_49' title="bbox 534 4079 2774 4148; baseline 0 -16"><span class='ocrx_word' id='word_1_523' title='bbox 534 4081 872 4144; x_wconf 81' lang='lat' dir='ltr'><strong>conditiones,</strong></span> <span class='ocrx_word' id='word_1_524' title='bbox 912 4097 1047 4147; x_wconf 81' lang='lat' dir='ltr'><strong>quas</strong></span> <span class='ocrx_word' id='word_1_525' title='bbox 1084 4079 1297 4132; x_wconf 86' lang='lat' dir='ltr'><strong>minime</strong></span> <span class='ocrx_word' id='word_1_526' title='bbox 1334 4081 1543 4134; x_wconf 78' lang='lat' dir='ltr'><strong>Paulus</strong></span> <span class='ocrx_word' id='word_1_527' title='bbox 1581 4083 1852 4146; x_wconf 83' lang='lat' dir='ltr'><strong>recensuit,</strong></span> <span class='ocrx_word' id='word_1_528' title='bbox 1893 4100 2108 4148; x_wconf 78' lang='lat' dir='ltr'><strong>eamque</strong></span> <span class='ocrx_word' id='word_1_529' title='bbox 2132 4081 2313 4148; x_wconf 81' lang='lat' dir='ltr'><strong>fuisse</strong></span> <span class='ocrx_word' id='word_1_530' title='bbox 2356 4081 2526 4148; x_wconf 85' lang='lat' dir='ltr'><strong>pretio</strong></span> <span class='ocrx_word' id='word_1_531' title='bbox 2565 4098 2774 4148; x_wconf 86' lang='lat' dir='ltr'><strong>compa·</strong></span> 
     </span>
     <span class='ocr_line' id='line_1_50' title="bbox 535 4153 2752 4224; baseline 0 -18"><span class='ocrx_word' id='word_1_532' title='bbox 535 4162 713 4206; x_wconf 87' lang='lat' dir='ltr'><strong>ratam</strong></span> <span class='ocrx_word' id='word_1_533' title='bbox 742 4171 807 4206; x_wconf 77' lang='lat' dir='ltr'><strong>ex</strong></span> <span class='ocrx_word' id='word_1_534' title='bbox 846 4155 1025 4206; x_wconf 87' lang='lat' dir='ltr'><strong>eodem</strong></span> <span class='ocrx_word' id='word_1_535' title='bbox 1061 4153 1148 4207; x_wconf 84' lang='lat' dir='ltr'><strong>lib.</strong></span> <span class='ocrx_word' id='word_1_536' title='bbox 1190 4155 1339 4219; x_wconf 87' lang='lat' dir='ltr'><strong>epist.</strong></span> <span class='ocrx_word' id='word_1_537' title='bbox 1364 4155 1536 4220; x_wconf 83' lang='lat' dir='ltr'><strong>facile</strong></span> <span class='ocrx_word' id='word_1_538' title='bbox 1575 4156 1693 4222; x_wconf 80' lang='lat' dir='ltr'><strong>quis</strong></span> <span class='ocrx_word' id='word_1_539' title='bbox 1733 4165 1936 4224; x_wconf 63' lang='lat' dir='ltr'><strong>arguet,</strong></span> <span class='ocrx_word' id='word_1_540' title='bbox 1992 4164 2148 4222; x_wconf 75' lang='lat' dir='ltr'><strong>atque</strong></span> <span class='ocrx_word' id='word_1_541' title='bbox 2187 4157 2260 4206; x_wconf 91' lang='lat' dir='ltr'><strong>ad</strong></span> <span class='ocrx_word' id='word_1_542' title='bbox 2296 4155 2356 4206; x_wconf 87' lang='lat' dir='ltr'><strong>id</strong></span> <span class='ocrx_word' id='word_1_543' title='bbox 2390 4156 2635 4219; x_wconf 80' lang='lat' dir='ltr'><strong>fortasse</strong></span> <span class='ocrx_word' id='word_1_544' title='bbox 2693 4173 2752 4207; x_wconf 83' lang='lat' dir='ltr'><strong>re</strong></span> 
     </span>
     <span class='ocr_line' id='line_1_51' title="bbox 535 4226 2777 4297; baseline 0.001 -19"><span class='ocrx_word' id='word_1_545' title='bbox 535 4227 767 4294; x_wconf 83' lang='lat' dir='ltr'><strong>spiciunt</strong></span> <span class='ocrx_word' id='word_1_546' title='bbox 804 4245 868 4280; x_wconf 85' lang='lat' dir='ltr'><strong>ea</strong></span> <span class='ocrx_word' id='word_1_547' title='bbox 905 4245 1042 4295; x_wconf 78' lang='lat' dir='ltr'><strong>quae</strong></span> <span class='ocrx_word' id='word_1_548' title='bbox 1080 4228 1154 4279; x_wconf 88' lang='lat' dir='ltr'><strong>ad</strong></span> <span class='ocrx_word' id='word_1_549' title='bbox 1194 4226 1552 4280; x_wconf 78' lang='lat' dir='ltr'><strong>Constantiam</strong></span> <span class='ocrx_word' id='word_1_550' title='bbox 1609 4236 1890 4297; x_wconf 74' lang='lat' dir='ltr'><strong>auqustam</strong></span> <span class='ocrx_word' id='word_1_551' title='bbox 1944 4228 2152 4281; x_wconf 83' lang='lat' dir='ltr'><strong>scribit.-</strong></span> <span class='ocrx_word' id='word_1_552' title='bbox 2208 4230 2412 4294; x_wconf 84' lang='lat' dir='ltr'><strong>Viginti</strong></span> <span class='ocrx_word' id='word_1_553' title='bbox 2451 4235 2633 4280; x_wconf 87' lang='lat' dir='ltr'><strong>autem</strong></span> <span class='ocrx_word' id='word_1_554' title='bbox 2669 4230 2777 4280; x_wconf 80' lang='lat' dir='ltr'><strong>iam</strong></span> 
     </span>
     <span class='ocr_line' id='line_1_52' title="bbox 538 4302 2774 4368; baseline 0.001 -16"><span class='ocrx_word' id='word_1_555' title='bbox 538 4307 593 4352; x_wconf 88' lang='lat' dir='ltr'><strong>et</strong></span> <span class='ocrx_word' id='word_1_556' title='bbox 629 4309 835 4368; x_wconf 87' lang='lat' dir='ltr'><strong>septem</strong></span> <span class='ocrx_word' id='word_1_557' title='bbox 874 4318 1041 4354; x_wconf 85' lang='lat' dir='ltr'><strong>annos</strong></span> <span class='ocrx_word' id='word_1_558' title='bbox 1080 4302 1341 4364; x_wconf 85' lang='lat' dir='ltr'><strong>ducimus,</strong></span> <span class='ocrx_word' id='word_1_559' title='bbox 1382 4303 1526 4368; x_wconf 91' lang='lat' dir='ltr'><strong>quod</strong></span> <span class='ocrx_word' id='word_1_560' title='bbox 1562 4304 1620 4352; x_wconf 87' lang='lat' dir='ltr'><strong>in</strong></span> <span class='ocrx_word' id='word_1_561' title='bbox 1657 4303 1759 4353; x_wconf 87' lang='lat' dir='ltr'><strong>hac</strong></span> <span class='ocrx_word' id='word_1_562' title='bbox 1797 4304 1927 4354; x_wconf 88' lang='lat' dir='ltr'><strong>urbe</strong></span> <span class='ocrx_word' id='word_1_563' title='bbox 1966 4306 2104 4354; x_wconf 91' lang='lat' dir='ltr'><strong>inter</strong></span> <span class='ocrx_word' id='word_1_564' title='bbox 2142 4302 2622 4368; x_wconf 83' lang='lat' dir='ltr'><strong>Langobardorum</strong></span> <span class='ocrx_word' id='word_1_565' title='bbox 2659 4302 2774 4368; x_wconf 78' lang='lat' dir='ltr'><strong>gla-</strong></span> 
     </span>
     <span class='ocr_line' id='line_1_53' title="bbox 536 4375 2769 4442; baseline 0 -16"><span class='ocrx_word' id='word_1_566' title='bbox 536 4375 654 4426; x_wconf 88' lang='lat' dir='ltr'><strong>dios</strong></span> <span class='ocrx_word' id='word_1_567' title='bbox 690 4377 936 4428; x_wconf 81' lang='lat' dir='ltr'><strong>vivimus.</strong></span> <span class='ocrx_word' id='word_1_568' title='bbox 1030 4377 1233 4438; x_wconf 81' lang='lat' dir='ltr'><strong>Quibus</strong></span> <span class='ocrx_word' id='word_1_569' title='bbox 1280 4391 1437 4441; x_wconf 86' lang='lat' dir='ltr'><strong>quam</strong></span> <span class='ocrx_word' id='word_1_570' title='bbox 1478 4375 1646 4428; x_wconf 81' lang='lat' dir='ltr'><strong>multa</strong></span> <span class='ocrx_word' id='word_1_571' title='bbox 1684 4377 1787 4427; x_wconf 83' lang='lat' dir='ltr'><strong>hac</strong></span> <span class='ocrx_word' id='word_1_572' title='bbox 1825 4377 1893 4427; x_wconf 89' lang='lat' dir='ltr'><strong>ab</strong></span> <span class='ocrx_word' id='word_1_573' title='bbox 1935 4376 2172 4428; x_wconf 83' lang='lat' dir='ltr'><strong>ecclesia</strong></span> <span class='ocrx_word' id='word_1_574' title='bbox 2211 4376 2538 4442; x_wconf 85' lang='lat' dir='ltr'><strong>quotidianis</strong></span> <span class='ocrx_word' id='word_1_575' title='bbox 2579 4376 2769 4427; x_wconf 85' lang='lat' dir='ltr'><strong>diebus</strong></span> 
     </span>
    </p>
   </div>
   <div class='ocr_carea' id='block_1_6' title="bbox 2962 13 2968 3758">
    <p class='ocr_par' dir='ltr' id='par_1_6' title="bbox 2962 13 2968 3758">
     <span class='ocr_line' id='line_1_54' title="bbox 2962 13 2968 3758; baseline 0 0"><span class='ocrx_word' id='word_1_576' title='bbox 2962 13 2968 3758; x_wconf 95' lang='lat' dir='ltr'><strong> </strong></span> 
     </span>
    </p>
   </div>
   <div class='ocr_carea' id='block_1_7' title="bbox 2964 4297 2966 4867">
    <p class='ocr_par' dir='ltr' id='par_1_7' title="bbox 2964 4297 2966 4867">
     <span class='ocr_line' id='line_1_55' title="bbox 2964 4297 2966 4867; baseline 0 0"><span class='ocrx_word' id='word_1_577' title='bbox 2964 4297 2966 4867; x_wconf 95' lang='lat' dir='ltr'><strong> </strong></span> 
     </span>
    </p>
   </div>
  </div>
 </body>
</html>
