2984 4917
307 565 388 623 ⁰1».
423 570 525 613 100.

544 384 652 439 246
1067 380 1366 433 CARMEN
1403 380 1504 432 DE
1547 380 1837 434 SYNODO
1882 378 2277 430 TIOINENSI.

1051 554 1074 579 *
1095 548 1458 615 Sublimes¹¹
1504 558 1681 612 ortus
1725 548 1791 610 in
1834 546 2070 611 finibus
2113 544 2421 629 Europeb

879 634 976 699 La
1069 632 1438 697 ’bardorum
1480 629 1693 715 regale
1735 630 2057 715 prosapia,

878 740 997 783 rex
1107 716 1421 782 aribertus
1437 727 1462 758 ⁰
1506 716 1652 800 pius
1696 725 1760 778 et
1804 711 2154 777 catholicus

879 800 1300 867 Arrianorum
1343 796 1621 864 abolevit
1661 797 1949 861 heresem
1967 797 1995 837 ‘¹

878 895 943 952 et
986 885 1398 949 christianam
1440 881 1634 946 fidem
1677 880 1827 945 fecit
1870 899 2176 944 crescere.
2218 886 2283 957 -Ι-

1051 991 1307 1057 Subolis
1349 992 1503 1055 item
1546 990 1881 1054 Bertharie
1926 990 1995 1051 in
2038 986 2271 1051 solium

878 1077 1062 1163 regni
1105 1076 1428 1155 suffectuS,
1473 1074 1758 1138 imitatus
1801 1073 2093 1158 protinus

878 1158 1176 1246 exempla
1217 1158 1436 1244 patrie,
1481 1157 1566 1221 ad
1608 1156 1804 1220 fidem
1848 1164 2215 1220 convertere

877 1243 1188 1309 Iudaeosf
1229 1242 1381 1308 fecit
1420 1239 1877 1326 baptizandos,
1932 1238 2189 1304 credere

881 1328 996 1413 qui
1037 1335 1449 1407 rennuerunt,
1491 1322 1778 1409 gladium
1820 1344 2165 1408 peremere.
2214 1330 2284 1397 ÷

1050 1434 1255 1498 Tutor
1297 1442 1360 1497 et
1398 1443 1624 1513 rector,
1669 1441 1917 1495 amator
1959 1429 2281 1510 ecclesiae,

881 1540 922 1582 a
962 1517 1391 1581 fundamentis
1437 1524 1842 1581 constructor
1885 1511 2180 1579 coenubii
2196 1524 2243 1593 8,

879 1599 991 1665 ubi
1033 1611 1098 1666 et
1143 1600 1381 1665 Christi
1424 1599 1782 1664 conlocavit
1822 1596 2088 1661 famolas
2104 1597 2149 1639 ¹³·
2170 1609 2210 1677 ¹,

881 1706 996 1749 sua
1038 1683 1344 1770 praefecit
1381 1704 1690 1767 germana
1730 1682 2007 1767 egregia,

881 1768 1057 1853 ipsas
1100 1777 1387 1831 materno
1431 1788 1650 1830 amore
1695 1776 1767 1830 ut
1809 1774 2077 1849 regeret.
2129 1774 2195 1839 4-

1049 1877 1301 1941 Tertius
1343 1877 1542 1939 immo
1586 1879 1819 1961 nepus¹
1864 1874 2121 1961 adque*
2165 1872 2333 1937 filius

882 1982 1000 2025 rex
1045 1958 1591 2045 Cuningperctus¹
1638 1957 2017 2024 sublimatus
2060 1968 2348 2044 tempore

881 2043 1188 2109 moderno
1231 2054 1440 2108 rector
1479 2042 1658 2106 fortis
1702 2053 1766 2106 et
1805 2043 2152 2127 piissimus,

882 2127 1152 2193 devotus
1196 2126 1389 2190 fidem
1431 2125 1839 2191 christianam
1887 2124 2111 2207 colere,

881 2210 1294 2276 ecclesiarum
1337 2209 1572 2274 ditator
1614 2219 1677 2274 et
1720 2208 1955 2295 opifex.
2002 2220 2071 2287 -1-

1051 2318 1301 2385 Elictus
1343 2330 1535 2404 gente
1576 2340 1615 2381 a
1660 2319 1803 2383 Deo
1847 2330 1919 2383 ut
1959 2329 2207 2403 regeret

882 2402 1434 2489 Langibardorum
1446 2415 1508 2484 ¹¹¹,
1554 2400 1820 2467 rebelles
1864 2402 2253 2487 conpescuit,

886 2484 1053 2550 bello
1094 2487 1443 2585 prostravit
1485 2485 1693 2551 Alexo
1712 2497 1736 2531 ²
1780 2487 2171 2571 nequissimo
2186 2498 2235 2567 ¹¹,

886 2570 1256 2635 semidiruta
1298 2580 1667 2656 nuncupata
1707 2570 1951 2633 Motina

886 2652 1044 2717 urbe
1062 2664 1088 2695 ⁰
1130 2655 1400 2738 pristino
1444 2651 1672 2716 decore
1713 2652 2007 2717 restituit.
2045 2664 2117 2732 -{—

1054 2762 1302 2827 Exorta
1345 2764 1575 2827 scisma
1614 2764 1743 2826 iam
1785 2764 1994 2848 prisco
2039 2762 2121 2827 de
2164 2772 2450 2847 tempore

886 2846 967 2909 ab
1010 2844 1305 2931 aquilone
1345 2856 1546 2932 parte,
1590 2847 1759 2911 unde
1802 2845 2083 2932 pandere

887 2927 1126 2993 malum
1167 2931 1234 2992 in
1277 2938 1445 2993 terra
1485 2930 1858 2993 universum
1900 2930 2214 3016 propheta

887 3012 1363 3077 vaticinandum
1405 3014 1610 3077 Isaias
1654 3024 1914 3077 cecenet
1927 3025 1971 3067 Ρ·
1990 3023 2034 3095 ³,

890 3096 1002 3159 ubi
1045 3097 1359 3182 superbus
1402 3095 1702 3160 thronum
1744 3095 1979 3161 cadens
2022 3095 2232 3182 elegit.
2273 3108 2345 3173 -{-

1055 3207 1280 3271 Fontis
1321 3206 1580 3271 labacro
1623 3228 1919 3293 recepere
1964 3206 2169 3272 simile
2184 3219 2234 3289 q,

889 3290 1224 3356 nobiscum
1267 3289 1457 3354 simul
1501 3291 1881 3357 Trinitatem
1924 3290 2181 3355 credere

886 3373 1340 3471 Aquiligenses
1384 3373 1779 3439 dissedentes
1796 3386 1820 3417 ¹·
1864 3373 2180 3459 synodum

888 3467 1168 3542 qu1nta·⁸,
1213 3458 1325 3543 qui
1367 3466 1540 3522 totus
1585 3457 1929 3523 concordat
1964 3479 2112 3523 cum
2157 3465 2434 3543 quartas,

887 3562 1014 3605 una
1056 3550 1455 3626 tempnentes
1473 3546 1492 3583 ²
1535 3542 1627 3606 rei
1668 3541 1823 3605 facti
1867 3542 2173 3606 omnium.
2238 3553 2307 3619 -1-

554 3717 600 3768 a)
631 3716 850 3759 Sublimis
885 3720 925 3759 2.
1061 3718 1110 3771 b)
1142 3722 1360 3771 Europae
1393 3722 1434 3761 2.
1570 3719 1612 3773 c)
1645 3721 1917 3762 Har-ibertus
1950 3723 1993 3765 2.
2129 3719 2409 3771 d),heresim
2442 3721 2486 3761 2.
2612 3720 2656 3771 e)
2687 3722 2803 3762 Ber·

553 3776 726 3817 tharith
758 3778 798 3817 2.
965 3775 1002 3828 f)
1033 3779 1200 3819 Iudeos
1235 3781 1276 3820 2.
1439 3780 1484 3833 g)
1517 3780 1730 3821 coenobii
1761 3782 1803 3821 2.
1967 3778 2014 3831 h)
2042 3780 2241 3819 famulas
2277 3781 2315 3821 2.
2465 3778 2501 3830 i)
2538 3788 2689 3829 napus
2724 3780 2799 3819 Be.

554 3834 604 3885 k)
639 3838 776 3883 atque
795 3835 837 3873 2.
958 3833 993 3887 1)
1027 3837 1363 3879 Cunincbertus
1383 3840 1421 3879 2.
1544 3837 1607 3889 m)
1636 3839 2047 3888 Langobardorum
2066 3840 2104 3878 2.
2209 3836 2261 3889 n)
2292 3837 2414 3878 Alex
2442 3839 2743 3886 iniquissimo
2762 3840 2803 3878 2.

557 3893 604 3946 ο)
639 3893 742 3933 urbi
775 3895 815 3934 2.
966 3893 1016 3946 p)
1049 3898 1230 3937 cecenit
1262 3898 1302 3937 2.
1467 3895 1517 3948 q)
1548 3898 1817 3938 lavachrum
1864 3909 1901 3940 r.
1946 3898 2146 3938 similem
2179 3898 2218 3937 2.
2369 3894 2411 3947 ι·)
2444 3896 2725 3939 dissidentes
2757 3899 2803 3939 2.

556 3952 597 4005 s)
628 3954 716 3993 1111
743 3955 782 3993 1.
817 3954 857 3991 2.
978 3951 1014 4003 t)
1045 3958 1302 3996 temnentes
1335 3956 1376 3995 2.

557 4101 616 4168 1)
658 4100 737 4168 (ff.
775 4102 934 4152 Paul.
986 4100 1045 4162 V,
1085 4104 1172 4152 34.
1285 4100 1345 4167 2)
1383 4100 1603 4154 Alachie
1639 4104 1786 4165 duan
1823 4104 1891 4169 qt‘.
1933 4102 2092 4155 Paul.
2145 4103 2204 4167 V,
2243 4103 2312 4153 38
2328 4104 2481 4155 -41.
2616 4103 2675 4170 3)
2718 4104 2801 4157 De

541 4174 787 4234 ‚bremia
823 4176 876 4239 4,
917 4175 968 4226 6.
1018 4172 1246 4241 coqitare
1282 4173 1522 4226 videtur:
1581 4179 1706 4242 quia
1757 4177 1954 4228 malum
2008 4193 2109 4242 ego
2163 4175 2375 4227 adduco
2416 4176 2483 4227 ab
2525 4178 2783 4244 aquilone

556 4246 617 4311 4)
656 4245 735 4311 (ff.
774 4247 932 4299 Paul.
998 4246 1088 4309 Vl,
1132 4248 1217 4310 14,
1269 4248 1363 4313 qui
1398 4248 1463 4299 de
1506 4250 1709 4316 synodo
1768 4250 2032 4301 Ticimmi
2073 4266 2300 4315 prorsus
2354 4257 2510 4301 tacet.
2610 4216 2802 4317 Neque.

555 4319 742 4370 Moemi
777 4338 943 4387 neque
981 4318 1138 4372 etiam
1159 4320 1350 4386 ·Hcfele
1374 4317 1434 4370 in
1473 4322 1661 4374 ultima
1688 4320 1810 4373 libri
1847 4320 2070 4375 editione
2097 4322 2207 4387 ejus
2232 4320 2545 4375 mentionem
2553 4321 2799 4389 faciunt.

2977 4430 2983 4617 <

2950 4622 2981 4854 1
