2984 4917
411 594 487 650 Ῥ.
519 600 590 641 46.

611 405 678 457 50
898 402 1117 455 PAULI
1155 400 1504 454 HISTORIA
1543 397 2217 453 LANGOBARDORUM.
2293 395 2435 446 LIB.
2476 393 2523 445 1.

653 572 753 637 *2.
797 570 900 635 De
946 569 1366 635 Scadinaviaa
1407 567 1634 650 insula,
1678 577 1743 633 ct
1784 567 1964 654 quiab
2010 561 2212 630 exea
2246 561 2667 644 winilorum,
2710 559 2819 624 hoc

800 664 896 719 est
936 650 1529 739 Langobardorum,
1573 674 1729 751 gens
1772 660 1868 716 est
1910 670 2192 748 egressa.

695 741 757 806 3.
799 737 991 820 Quod
1034 737 1188 803 Ibor
1229 746 1292 801 et
1335 737 1501 800 Aioc
1542 737 1734 822 numi
1776 734 1973 800 duces
2027 731 2404 812 WQQEIH
2447 751 2595 796 cum
2637 735 2823 791 matre

801 842 919 887 sua
962 819 1128 886 Gam
1175 840 1288 883 ara
1397 830 1583 886 erunt
1594 821 1643 884 d.

799 906 905 971 De
950 914 1192 992 septem
1231 904 1388 968 viris
1431 891 1607 991 apud
1652 903 2062 970 Germaniam
2079 911 2105 944 θ
2149 897 2630 981 dormientibus.

798 990 903 1056 De
991 998 1132 1055 ente
1177 986 1703 1053 Scritobinorum.

799 1076 904 1141 De
933 1012 1183 1173 duobus
1211 1071 1530 1152 umbilicis
1560 1074 1781 1138 oceani
1822 1071 2036 1154 maris,
2065 1069 2213 1157 quis
2257 1075 2405 1134 sunt
2448 1089 2531 1131 ex
2572 1071 2826 1148 utraque

847 1169 980 1224 arte
1021 1159 1394 1223 Brittaniae.

864 1243 993 1309 uod
1021 1241 1290 1309 Winiliss
1332 1243 1399 1306 in
1443 1241 1825 1328 Scoringam
1876 1246 2204 1320 venerunt,
2248 1236 2349 1301 eth
2406 1235 2562 1320 quia
2614 1229 2829 1295 Ambri

799 1337 862 1393 et
889 1327 1073 1392 Assii
1117 1326 1583 1392 Wandalorum
1625 1326 1824 1391 duces
1853 1325 1944 1388 eis
1986 1321 2228 1387 tributa
2270 1319 2391 1384 sibi
2407 1321 2437 1361 ¹¹
2482 1313 2829 1404 persolvere

797 1411 1278 1478 mandaverunt.

795 1497 899 1561 De
945 1495 1207 1562 Godan¹
1289 1504 1316 1559 t
1355 1495 1524 1559 Frea
1565 1491 1888 1558 ridiculam
1934 1489 2170 1556 fabula.

798 1583 1015 1662 Quare
1145 1577 1282 1643 mili
1322 1578 1547 1664 Lango
1596 1598 1667 1640 ar
1716 1577 1730 1592 ⁰
1777 1598 1941 1664 appe
1988 1583 2077 1639 ati
2120 1574 2317 1654 sintn,
2362 1580 2425 1635 et
2511 1567 2645 1632 uod
2688 1564 2828 1630 Wo-

796 1674 946 1729 tan⁰
991 1666 1129 1750 ipse
1184 1664 1266 1728 sit
1323 1664 1436 1749 qui
1489 1683 1531 1725 a
1576 1660 1665 1725 ud
1706 1660 2029 1726 Romanos
2072 1656 2429 1723 Mercurius
2521 1652 2732 1716 'citun

657 1751 753 1815 10.
799 1748 1133 1830 Quomodo
1177 1747 1519 1832 Langobar
1567 1746 1581 1760 ⁹
1627 1743 1979 1812 Wandalos
2032 1743 2339 1824 vicerunt,
2398 1747 2461 1804 et
2474 1749 2503 1791 Ρ
2549 1734 2631 1800 de
2676 1733 2829 1798 fame

798 1829 1387 1919 Langobardorum.

655 1920 753 1982 11.
797 1918 969 1998 Quia
1029 1914 1438 2002 Langobardi
1480 1915 1548 1977 in
1610 1911 2016 1998 Mauringam
2079 1910 2346 1974 transire
2409 1905 2700 1973 volentes
2758 1900 2828 1964 ab

797 2001 1166 2087 Assipittis‘l
1211 2009 1360 2064 sunt
1395 2000 1484 2062 im
1533 1997 1707 2062 editi.

655 2086 754 2151 12.
796 2085 901 2149 De
975 2083 1419 2157 monomachia
1526 2102 1756 2146 uorum
1832 2081 2117 2146 virorum
2179 2076 2471 2156 fortium,
2530 2081 2832 2160 quorumr

796 2191 960 2234 unus
1003 2191 1038 2234 e
1078 2166 1542 2254 Langobardis,
1588 2164 1747 2231 alter
1788 2187 1873 2230 ex
1913 2163 2245 2250 Assipittis
2264 2173 2287 2205 ³
2330 2159 2468 2224 fuit.

653 2254 750 2319 13.
796 2251 987 2334 Quod
1029 2251 1442 2338 Langobardi
1469 2252 1539 2314 in
1562 2249 1966 2333 Mauringam
1995 2247 2407 2334 transierunt,
2452 2264 2530 2307 ac
2550 2246 2569 2285 ²
2615 2237 2833 2306 deinde

795 2336 879 2401 ad
935 2335 1278 2401 ulteriorau
1335 2334 1477 2400 loca
1534 2355 1651 2421 pro
1732 2335 1857 2398 essi
1900 2341 2066 2399 sunt.
2796 2404 2808 2419 .

654 2424 751 2486 14.
797 2421 986 2501 Quia,
1032 2421 1298 2485 mortuis
1341 2418 1497 2483 Ibor
1540 2428 1605 2483 et
1712 2419 1900 2483 'onev
1943 2415 2234 2497 ducibus,
2276 2408 2695 2499 Langobardi
2721 2427 2833 2495 prl-

798 2525 977 2567 mum
1018 2524 1236 2589 regem
1275 2500 1753 2588 Agelmundum
1768 2515 1811 2545 w
1852 2501 2232 2565 habuerunt.

698 1247 756 1310 τ]
660 909 757 1142 929⁶&—

694 1499 753 1647 5090

579 2627 591 2638 ·
689 2586 752 2653 5.
794 2585 900 2652 De
929 2586 1260 2652 meretrice
1283 2607 1446 2672 quae
1475 2595 1719 2672 septem
1745 2583 2087 2650 infantulos
2110 2581 2357 2682 peperit
2370 2593 2421 2662 ¹,
2452 2589 2582 2644 ex?
2615 2537 2833 2663 duibus

796 2671 1139 2735 Lamissioz
1163 2691 1328 2734 unus
1347 2671 1486 2753 fuit,
1510 2679 1576 2734 et
1598 2669 1679 2734 de
1700 2666 2147 2736 monomachia
2168 2689 2307 2732 eius
2330 2685 2478 2730 cum
2494 2661 2832 2726 Amazone.

653 2757 754 2823 16.
798 2753 1137 2835 Quomodo
1167 2753 1485 2840 Vulgares
1503 2764 1530 2797 ⁸¹
1571 2763 1770 2820 noctu
1799 2776 1993 2841 super
2035 2760 2244 2816 castra
2272 2746 2831 2836 Langobardorum

612 2859 621 2886 ·
799 2839 1143 2921 inruentes,
1194 2836 1672 2924 Agelmundum
1686 2840 1714 2881 ὓ
1768 2861 1985 2927 regem
2027 2839 2480 2906 interfecerunt
2532 2849 2598 2906 et
2655 2839 2833 2904 filiam

799 2924 936 2988 eius
951 2935 977 2967 ⁰
1021 2923 1339 3008 captivam
1382 2921 1723 2987 duxenmt.

608 3063 728 3102 quae
759 3053 820 3092 sit
851 3049 1102 3092 Germania
1131 3054 1178 3090 et
1222 3060 1340 3099 quae
1373 3054 1533 3099 gentes
1574 3061 1679 3090 eam
1722 3050 1965 3100 inabitent.
2030 3052 2071 3092 8.
2101 3053 2162 3094 Ut
2206 3054 2317 3102 quid
2356 3053 2659 3103 Langobardi
2690 3065 2718 3095 a
2744 3060 2831 3101 pro-

606 3113 709 3162 prio
739 3111 839 3152 solo
880 3109 1110 3150 moverint
1141 3119 1190 3149 se
1222 3113 1268 3149 et
1309 3111 1502 3150 nomina
1530 3110 1784 3158 primorum
1830 3110 1997 3151 dueum
2031 3110 2096 3163 (et
2129 3133 2179 3142 —
2224 3113 2391 3152 ducum
2432 3113 2588 3154 desum
2618 3114 2657 3154 F
2689 3115 2729 3155 2.
2756 3107 2831 3162 ⁸2).

608 3175 652 3215 3.
685 3169 960 3211 Miracnlum
989 3169 1046 3208 de
1077 3172 1256 3218 septem
1286 3168 1428 3218 longo
1459 3171 1666 3218 tempore
1698 3168 2040 3212 dormientibus.
2099 3171 2143 3211 4.
2161 3170 2235 3212 De
2266 3167 2606 3224 Scriptovfrinis,
2638 3177 2685 3214 et
2716 3171 2833 3226 (clem

606 3232 646 3272 F
672 3227 741 3282 ·2)
773 3230 972 3280 quanter
1000 3227 1123 3278 apud
1155 3237 1234 3269 eos
1263 3227 1334 3267 sol
1367 3228 1576 3268 candeat.
1639 3227 1683 3268 5.
1713 3228 1786 3268 De
1817 3229 1957 3268 maris
1987 3229 2206 3271 umbilico
2237 3232 2555 3272 testimonium
2586 3231 2769 3282 Virgilii
2794 3231 2833 3268 ei

607 3291 737 3332 aliud
765 3290 816 3329 in
843 3287 1072 3330 Brittania
1103 3292 1178 3327 ete.
1215 3309 1267 3317 -
1299 3287 1494 3336 Denique
1525 3287 1569 3326 H
1603 3288 1626 3325 1
1659 3286 1836 3336 incipit:
1870 3285 1995 3328 Gens
2026 3288 2173 3338 Lang.
2207 3289 2330 3331 dicta
2362 3292 2597 3340 quomodo
2628 3295 2710 3334 ant
2738 3298 2833 3340 qua-

606 3351 714 3391 liter
743 3351 965 3389 exeuntes
999 3346 1055 3386 de
1086 3346 1330 3396 provincia
1360 3355 1445 3386 sna
1476 3345 1536 3385 ad
1552 3346 1885 3395 expugnandas
1916 3346 2141 3396 plurimas
2174 3353 2347 3403 gentes,
2380 3351 2491 3400 quia
2508 3360 2568 3391 ex
2600 3359 2767 3401 genere
2796 3349 2833 3387 et

608 3407 847 3450 nativitate
877 3405 1051 3446 munda
1080 3405 1378 3453 generatione
1409 3405 1574 3446 Winili
1616 3405 1805 3445 fuerunt
1833 3407 2085 3456 procreati.
2161 3408 2232 3448 De
2276 3407 2529 3451 Germania
2574 3411 2699 3460 quod
2726 3420 2766 3459 p·
2795 3417 2832 3445 n·

608 3479 655 3518 p,
685 3471 760 3507 ete.
791 3465 863 3505 De
895 3464 1028 3505 Soad.
1060 3463 1214 3504 insuia
1243 3464 1381 3508 dicta.
1411 3464 1522 3513 quia
1554 3475 1613 3504 ex
1643 3473 1700 3504 ea
1729 3468 1802 3504 etc.
1920 3461 1967 3516 a)
2000 3464 2309 3508 Scadianavia
2339 3468 2381 3507 A
2412 3469 2494 3518 803
2535 3465 2834 3510 Scandinavia

609 3523 746 3566 AS?
775 3521 1093 3566 Β.0.1“>.Β.
1211 3519 1260 3574 b)
1293 3523 1372 3572 qui
1401 3520 1633 3564 eaARb.
1754 3520 1798 3573 c)
1841 3520 2278 3576 AloA⁸3311aio
2318 3525 2432 3568 A6.
2558 3526 2835 3579 ‹nnsor-

608 3587 848 3635 mmmm
885 3582 930 3623 4.
975 3591 1068 3621 eum
1099 3581 1176 3620 hoc
1221 3579 1284 3620 ita
1321 3581 1468 3631 junqit
1514 3587 1563 3621 uc
1608 3581 1763 3622 addat:
1810 3585 1857 3622 et
1902 3582 1958 3623 de
2004 3585 2230 3625 miraculo
2277 3589 2455 3636 septem
2503 3587 2832 3628 dormientium.

611 3640 657 3694 e)
690 3639 964 3684 Germanias
1002 3638 1044 3679 A
1076 3641 1118 3681 3.
1151 3639 1252 3692 Sc..
1371 3638 1408 3691 f)
1459 3641 1539 3690 qui
1574 3662 1626 3671 —
1671 3640 1931 3681 Brittaniae
1976 3642 2063 3683 dec.
2109 3643 2149 3683 E
2184 3646 2225 3688 1.
2376 3643 2423 3696 g)
2470 3647 2687 3688 Uuinniii
2730 3645 2766 3684 Β
2796 3645 2830 3681 1.

609 3699 660 3752 li)
692 3704 739 3742 et
783 3720 837 3732 -
883 3699 1221 3740 mandaverunt
1248 3699 1334 3737 des.
1365 3700 1405 3738 Ε
1439 3701 1480 3739 1.
1615 3697 1651 3750 i)
1683 3699 1819 3740 'rasni
1847 3699 1890 3740 A
1922 3701 1963 3742 8.
1998 3702 2064 3742 3ο.
2094 3702 2140 3742 Η
2172 3705 2224 3755 13
2270 3701 2455 3744 Assiam
2500 3705 2545 3744 D
2583 3706 2637 3756 ις
2680 3702 2835 3744 Asiani

610 3760 690 3801 clii
718 3760 778 3801 D.
893 3757 944 3810 k)
975 3759 1039 3797 ita
1069 3757 1125 3798 A.
1158 3756 1211 3797 G.
1243 3758 1301 3799 D.
1330 3758 1393 3808 L;
1435 3759 1483 3798 vi
1512 3759 1551 3799 Β
1586 3761 1626 3800 1.
1753 3757 1790 3810 l)
1834 3759 2015 3801 Godam
2046 3762 2084 3801 B
2122 3761 2165 3802 1.
2295 3761 2361 3814 m)
2402 3775 2439 3803 r.
2472 3764 2503 3804 t.
2536 3765 2623 3804 dee.
2652 3763 2695 3804 A
2727 3763 2766 3801 5.
2796 3761 2833 3802 6.

610 3816 661 3870 ιι)
695 3821 802 3859 sunt
828 3817 869 3859 A
901 3818 948 3862 ὃς
982 3820 1028 3858 et
1060 3839 1113 3848 —
1145 3816 1313 3856 dieitur
1339 3817 1425 3859 des.
1454 3820 1494 3858 Ε
1528 3821 1568 3860 1.
1715 3817 1762 3870 ο)
1794 3819 1917 3862 Vota
1957 3831 2071 3862 corr.
2122 3820 2289 3863 Godan
2317 3823 2360 3862 D
2394 3825 2446 3875 ις
2496 3821 2661 3865 Godan
2705 3821 2753 3863 C.
2780 3820 2835 3860 D.

614 3897 668 3909 —
699 3878 800 3928 ipse
830 3887 866 3917 s.
900 3888 942 3926 q.
973 3877 1059 3918 des.
1089 3874 1132 3915 A
1162 3876 1202 3916 6.
1319 3874 1368 3928 p)
1401 3879 1448 3918 et
1477 3878 1522 3920 d.
1553 3877 1585 3916 f.
1618 3877 1669 3921 L.
1710 3878 1797 3919 des.
1826 3879 1866 3918 Ε
1898 3880 1940 3920 1.
2061 3877 2109 3930 q)
2141 3881 2199 3921 ad
2230 3879 2451 3931 Asipictis
2481 3883 2520 3922 B
2554 3884 2604 3933 13
2634 3894 2663 3923 a
2692 3877 2840 3920 'rusie

609 3937 720 3988 pitis
762 3934 804 3975 A
835 3936 886 3986 33
909 3945 939 3976 a
967 3935 1236 3985 Tasispictis
1265 3935 1310 3974 H
1341 3938 1392 3986 13
1423 3947 1453 3977 a
1481 3937 1662 3986 sipiatis
1693 3936 1735 3977 A
1767 3938 1808 3980 ὅ.
1840 3938 1893 3989 63
1924 3948 1953 3978 a
1982 3938 2138 3978 'Passis
2168 3941 2295 3990 pittis
2313 3951 2425 3980 corr.
2460 3941 2518 3981 ab
2550 3941 2678 3982 Aesis
2710 3939 2835 3990 pictis

611 3997 656 4036 D
686 3997 728 4037 1.
763 4019 816 4027 —
847 3999 894 4036 et
924 4015 976 4028 ·—
1009 3994 1219 4044 impediti
1247 3993 1332 4038 dec.
1362 3997 1402 4035 Ε
1435 3996 1475 4035 1.
1598 3993 1638 4046 r)
1671 4007 1865 4044 quorum
1898 4017 1951 4027 —
1984 3997 2072 4037 mit
2098 3999 2187 4039 des.
2218 3999 2257 4038 E
2291 4001 2331 4040 1.
2448 3997 2489 4051 s)
2522 4009 2550 4041 e
2581 3997 2839 4048 Tassispiiis

610 4055 653 4096 A
685 4055 728 4097 ³.
761 4054 841 4106 803
887 4064 914 4094 e
959 4053 1115 4093 'Passis
1158 4053 1285 4103 pittis
1328 4055 1366 4095 B
1399 4055 1440 4106 1,
1486 4065 1602 4096 corr.
1650 4064 1708 4094 ex
1753 4054 2018 4105 Assispictis
2047 4057 2090 4096 D
2139 4060 2194 4108 13
2237 4057 2507 4108 Assispietis
2554 4060 2605 4102 O.
2636 4059 2696 4100 D.
2726 4057 2770 4098 Η
2798 4059 2836 4096 1.

610 4112 648 4166 t)
679 4124 734 4154 ae
768 4136 821 4145 —
861 4115 968 4153 sunt
1006 4113 1092 4152 des.
1123 4113 1162 4152 Β
1196 4114 1234 4154 1.
1356 4111 1404 4164 u)
1439 4115 1590 4154 altera
1617 4114 1723 4155 loca
1751 4115 2010 4165 progressis
2041 4126 2081 4157 s.
2113 4117 2152 4156 B
2186 4118 2226 4156 1.
2346 4113 2394 4168 v)
2436 4117 2621 4168 Agione
2650 4117 2697 4157 d.
2728 4117 2837 4156 Lan·

609 4172 915 4223 sobai-dorum
953 4173 992 4213 Β
1029 4174 1069 4215 1.
1129 4187 1134 4193 ·
1218 4170 1279 4223 w)
1311 4169 1594 4220 Agelmunth
1640 4183 1661 4212 c
1690 4185 1802 4215 corr.
1849 4172 1891 4213 A
1914 4174 1965 4226 ³,
2010 4180 2048 4215 et
2094 4175 2159 4215 ita
2205 4173 2247 4215 A
2278 4175 2355 4226 8e3
2397 4174 2679 4226 Agilmundo
2726 4185 2833 4215 corr.

610 4232 950 4282 Agelmundum
979 4232 1022 4271 D
1055 4233 1095 4270 1.
1214 4228 1263 4282 x)
1295 4232 1531 4281 pepererit
1559 4233 1602 4271 D
1637 4235 1677 4273 1.
1812 4231 1861 4284 y)
1890 4242 1948 4274 ex
1980 4254 2026 4264 —
2067 4233 2305 4276 Amazone
2336 4235 2420 4277 dec.
2452 4236 2493 4276 Ε
2526 4238 2565 4279 1.
2682 4231 2727 4286 z)
2758 4233 2834 4273 La·

609 4293 750 4332 misso
780 4290 822 4331 A
852 4290 903 4342 ⁸3
932 4290 1136 4330 Lamisio
1183 4290 1222 4330 Β
1258 4292 1279 4330 1
1317 4290 1373 4343 (οε
1417 4291 1481 4330 ita
1506 4289 1695 4344 postea).
1834 4291 1880 4344 a)
1908 4292 2138 4342 Balgares
2184 4291 2225 4333 A
2257 4291 2321 4334 ⁶3.
2353 4294 2393 4333 L
2427 4294 2468 4347 2,
2526 4307 2547 4336 e
2576 4305 2690 4337 corr.
2720 4294 2763 4333 D
2795 4294 2832 4332 1.

609 4349 658 4462 b}
689 4349 969 4450 ΑεοΙπιιὲιιεΙι
999 4349 1098 4392 A8.
1115 4349 1194 4402 303
1223 4350 1517 4400 agelmundo
1536 4360 1651 4393 corr.
1668 4349 2010 4401 agelmundum
2038 4352 2081 4392 D
2101 4354 2149 4404 ις
2182 4352 2269 4402 Ag.
2294 4375 2347 4386 -—
2378 4353 2609 4396 duxerunt
2634 4353 2724 4394 du.
2740 4353 2778 4394 E
2798 4352 2835 4391 1.

611 4421 635 4450 e
685 4411 830 4460 ipsius
933 4411 974 4449 1.
1005 4410 1048 4450 D
1084 4412 1123 4450 1.
