2984 4917
632 429 699 478 10
1067 425 1293 477 PAULI
1329 423 1685 477 HISTORIA
1723 421 2402 477 LANGOBARDORUM.

1035 593 1139 656 De
1182 613 1384 678 puero
1429 592 1541 677 qui
1582 593 1651 654 in
1690 591 1897 678 glacie
1940 593 2260 656 extinctus
2305 601 2419 656 est.

699 696 874 760 Trax
918 715 1080 780 puer
1121 693 1422 758 adstricto
1466 691 1672 779 glacie
1716 692 1871 756 dum
1913 690 2075 757 ludit
2116 693 2186 756 in
2226 692 2467 777 Hebr0,

781 779 1048 863 Frigore
1091 786 1420 842 concretas
1462 776 1746 863 pondere
1788 778 1963 862 rupit
2001 797 2221 863 aquae.

700 881 1004 966 Dumque
1049 878 1214 943 imae
1257 888 1470 964 partes
1516 898 1588 941 ra
1633 880 1740 942 1d0
1782 877 2181 944 traherentur
2223 880 2305 944 ab
2350 879 2543 959 amni,

782 962 1156 1028 Praesecuit
1195 972 1488 1027 tenerum
1530 901 1778 1027 lubrica
1818 971 1986 1027 testa
2028 971 2241 1048 caput.

701 1064 880 1131 Orba
923 1062 1095 1150 quod
1136 1065 1468 1128 inventum
1514 1073 1717 1128 mater
1757 1061 1910 1127 dum
1955 1065 2259 1130 conderet
2298 1085 2479 1147 urna,

788 1149 953 1212 ‘Hoc
997 1148 1220 1234 peperi
1263 1146 1557 1230 flammis,
1603 1145 1847 1230 cetera',
1894 1146 2078 1230 dixit,
2124 1150 2365 1235 ‘aquis'.

784 1251 967 1314 Haec
1010 1273 1144 1314 non
1187 1249 1384 1314 multo
1430 1259 1586 1334 post
1629 1272 1878 1314 annum
1917 1250 2058 1314 781.
2115 1252 2365 1335 scripta
2410 1251 2545 1315 sint
2588 1258 2840 1334 oportet,

617 1358 741 1421 quo
785 1335 1118 1415 Rothrud,
1178 1333 1417 1399 Karoli
1453 1333 1647 1414 filia,
1700 1335 2087 1417 imperatori
2132 1333 2557 1400 Constantino
2610 1333 2843 1398 olitano

617 1428 707 1484 est
749 1419 1147 1502 desponsata
1167 1430 1209 1480 ¹.
1295 1416 1515 1482 Altero
1558 1420 1850 1482 carmine
1894 1416 2228 1503 Siqefridi
2282 1419 2459 1502 reyis
2574 1439 2845 1482 anorum

616 1504 852 1567 mentio
901 1500 1020 1584 fit,
1087 1504 1278 1588 cujus
1341 1502 1544 1587 leyati
1608 1525 1671 1565 a.
1717 1499 1858 1564 782.
1904 1501 2226 1567 Karolum
2271 1503 2661 1566 adierunffl:
2706 1523 2845 1566 con-

616 1588 971 1651 versionem
1031 1588 1202 1666 e‘us,
1261 1587 1485 1672 jocose
1550 1594 1622 1649 ut
1684 1585 1971 1666 videtur,
2042 1607 2161 1650 rex
2224 1585 2435 1650 Paulo
2505 1587 2703 1672 injun
2749 1607 2849 1649 ere

617 1671 875 1737 voluit³.
1052 1670 1222 1735 aroli
1269 1671 1475 1753 jussu
1532 1669 1880 1753 epitaphia
1942 1691 2274 1751 sororum,
2339 1671 2571 1735 umoris
2698 1669 2851 1734 ilde-

666 1755 886 1835 ardis,
946 1776 1113 1838 quae
1158 1775 1219 1816 a.
1254 1752 1420 1818 783..
1443 1753 1619 1833 obiit,
1671 1762 1729 1817 et
1753 1753 2063 1834 filiarum
2106 1753 2395 1818 duarum
2436 1754 2791 1837 composuit
2808 1761 2853 1816 4.

618 1779 800 1902 g'unc
859 1839 1051 1902 etiam
1108 1859 1295 1902 excer
1343 1847 1412 1900 ta
1465 1858 1546 1900 esc
1602 1835 1790 1902 libris
1846 1836 2142 1921 Pompeii
2182 1837 2359 1902 Festi
2401 1836 2605 1920 facta
2654 1837 2855 1902 credi-

619 1924 844 2002 derim,
891 1943 1057 2006 quae
1101 1921 1285 1985 Karo
1315 1943 1348 1984 o
1393 1923 1827 1986 transmissa⁵
1886 1924 2027 1986 sine
2083 1944 2293 1986 causa
2336 1920 2529 1986 alteri
2589 1920 2855 1986 cuidam

621 2050 675 2113 1)
714 2046 856 2099 Ann.
895 2047 1178 2110 Lauresh„
1220 2045 1319 2098 SS.
1359 2045 1406 2110 Ι,
1434 2064 1500 2113 p.
1528 2047 1617 2098 32.
1840 2047 1895 2111 2)
1934 2043 2078 2098 Ann.
2117 2046 2288 2099 Laur.
2328 2046 2483 2113 maj„
2534 2044 2604 2096 ib.
2633 2063 2697 2111 p.
2731 2046 2854 2099 162.

620 2123 675 2186 3)
728 2121 788 2172 V.
841 2120 1081 2172 carmina
1118 2118 1194 2170 II
1233 2129 1281 2172 et
1319 2118 1432 2182 III,
1473 2119 1535 2171 Z.
1559 2119 1617 2186 f.
1656 2119 1729 2170 D.
1769 2116 1877 2173 Alc.
1916 2121 1950 2170 l.
1992 2120 2026 2170 l.
2059 2136 2120 2186 p.
2150 2120 2276 2170 452.
2354 2118 2540 2185 Ibique
2581 2119 2693 2170 alia
2732 2128 2854 2170 sunt

619 2195 845 2247 collecta.
979 2195 1034 2258 4)
1077 2193 1141 2244 G.
1180 2194 1347 2257 Mett.,
1386 2191 1486 2244 SS.
1529 2191 1611 2256 H,
1639 2210 1701 2258 p.
1731 2191 1856 2244 265.
1956 2194 2043 2266 ,5)-
2072 2191 2369 2262 Epistolam
2406 2209 2473 2244 ex
2510 2193 2621 2244 cod.
2663 2191 2853 2243 Mona·

621 2267 764 2320 censi
790 2267 893 2320 Nr.
930 2267 1125 2330 14734,
1155 2285 1196 2320 s.
1223 2267 1290 2330 X,
1332 2264 1655 2332 descriptam
1692 2282 1809 2318 cwm
1848 2265 2124 2317 lectoribus
2164 2264 2621 2328 communicamus,
2662 2273 2723 2316 ut
2752 2265 2855 2331 ipsi

610 2340 861 2410 judicare
898 2349 1110 2406 queant,
1149 2357 1278 2391 num
1313 2339 1477 2390 Pauli
1514 2337 1724 2406 inqenio
1760 2339 2107 2405 respondeat.-

805 2415 1038 2466 Divinae
1055 2419 1081 2450 ἃ
1120 2413 1384 2479 largitatis
1415 2428 1653 2475 munere,
1690 2415 1959 2480 sapientia
1994 2414 2341 2480 potentiaque
2378 2411 2723 2479 praefulgido
2759 2412 2857 2462 Oa·

621 2481 778 2538 ralob
832 2503 1019 2552 regum
1071 2487 1447 2537 sublimissimo
1486 2485 1685 2536 Paulus
1732 2486 1949 2537 ultimus
2004 2484 2262 2538 servulus.
2359 2485 2594 2552 Cupiens
2651 2483 2858 2551 aliquid

622 2561 814 2611 vestris
864 2559 1208 2610 bibliothecis
1258 2557 1491 2621 addere,
1546 2560 1675 2624 quia
1724 2574 1791 2608 ex
1841 2560 2067 2625 propriis
2117 2575 2403 2626 perparum
2447 2558 2621 2622 valeo,
2671 2573 2858 2608 neces-

622 2635 762 2684 sario
815 2648 881 2684 ex
931 2632 1107 2683 alieno
1152 2633 1406 2682 mutuavi.
1484 2632 1717 2683 Sextusc
1766 2631 1997 2697 denique
2033 2632 2321 2699 Pompeius
2359 2632 2616 2683 Romanis
2668 2631 2859 2682 studiis

623 2706 825 2756 affatim
865 2704 1118 2768 eruditus,
1157 2710 1268 2754 tam
1296 2719 1597 2756 sermonum
1623 2704 1942 2768 abditorum,
1982 2720 2141 2770 quam
2168 2706 2333 2756 etiam
2358 2704 2695 2771 quar-undum
2739 2719 2859 2754 cau·

621 2795 798 2830 sarum
832 2779 1069 2843 ,origines
1108 2779 1372 2844 aperiente,
1413 2793 1545 2844 opus
1585 2794 1737 2829 suum
1777 2779 1845 2828 ad
1871 2779 2065 2844 viginti
2090 2794 2259 2844 usque
2277 2773 2307 2816 (ἰ
2343 2777 2553 2844 prolixa
2588 2777 2862 2830 volumina

624 2851 889 2916 extendit3
931 2867 996 2900 ex
1035 2865 1140 2916 qua
1179 2866 1281 2916 ego
1320 2850 1629 2916 prolixitate
1668 2853 1937 2918 superflua
1963 2867 2210 2918 quaeque
2252 2858 2305 2902 et
2341 2853 2515 2902 minus
2554 2850 2861 2902 necessaria

621 2924 1117 2991 praetergredienS,
1170 2929 1224 2974 et
1271 2922 1538 2988 quaedam
1590 2925 1833 2976 abstrusa
1884 2926 2097 2992 penitus
2134 2924 2258 2976 stilo
2296 2926 2509 2991 proprio
2550 2923 2856 2983 enucleam,

620 2997 878 3048 nonnulla
913 2999 992 3048 ita
1015 3001 1075 3047 ut
1101 3000 1252 3047 erant
1288 2997 1464 3062 posita
1502 2996 1826 3063 relinquente,
1864 2998 1968 3048 hoc
1993 3003 2204 3049 vestrae
2232 2997 2535 3049 celsitudini
2568 2995 2857 3063 legendum

623 3070 1022 3138 conpendium0
1061 3070 1257 3132 obtuli;
1297 3071 1353 3120 in
1393 3071 1544 3121 cuius
1582 3071 1736 3135 serie,
1788 3072 1834 3122 si
1870 3075 2049 3122 tamen
2096 3071 2296 3122 lectum
2332 3073 2413 3122 ire
2451 3086 2558 3122 non
2597 3071 2857 3135 dedigna-

620 3143 824 3208 bimini,
863 3143 1130 3210 quaedam
1168 3142 1462 3194 secundum
1502 3148 1698 3207 artem,
1750 3143 2016 3209 quaedam
2061 3144 2211 3194 iuxta
2248 3144 2653 3210 ethimologiam
2684 3142 2855 3210 posita

620 3233 726 3283 non
763 3217 1204 3268 inconvenienter
1240 3217 1544 3278 invenietis,
1598 3222 1652 3267 et
1698 3218 1987 3283 praecipue
2026 3217 2259 3270 civitatis
2296 3221 2509 3268 vestrae
2546 3215 2857 3273 Romuleae,

621 3296 908 3357 portarum,
946 3292 1169 3353 viarum,
1210 3290 1484 3351 montium,
1536 3289 1776 3340 locorum
1814 3290 2154 3354 tribuumque
2192 3288 2457 3342 vocabula
2499 3290 2701 3341 diserta
2738 3302 2852 3352 rep·

622 3365 865 3429 perietis,
913 3364 1044 3414 ritus
1097 3366 1376 3430 praeterea
1425 3362 1707 3426 gentilium
1755 3367 1810 3414 et
1866 3361 2277 3414 consuetudines
2333 3363 2535 3425 varias,
2595 3361 2852 3412 dictiones

623 3451 834 3502 quoque
873 3429 1172 3501 poematis*
1223 3439 1279 3484 et
1314 3435 1757 3500 historiographis
1803 3435 2120 3496 familiares,
2172 3451 2305 3500 quas
2343 3436 2399 3485 in
2436 3435 2545 3486 suis
2585 3430 2854 3501 opusculis

621 3509 953 3574 frequentius
1004 3523 1248 3574 posuere.
1328 3506 1483 3569 Quod
1525 3508 1832 3574 exiguitatis
1880 3523 2032 3558 meae
2080 3507 2448 3559 munusculum
2498 3509 2545 3558 si
2596 3521 2764 3573 sagax
2801 3506 2853 3552 et

623 3581 1068 3632 subtilissimumss
1117 3585 1351 3632 vestrum
1387 3582 1664 3645 ingenium
1701 3596 1807 3631 non
1844 3575 2273 3646 usquequaqueh
2312 3580 2630 3648 reppulerit,
2683 3576 2853 3631 tenui-

622 3659 786 3706 tatem
824 3670 999 3705 meam
1036 3654 1150 3704 vita
1188 3655 1383 3704 comite
1421 3652 1492 3704 ad
1532 3655 1741 3720 potiora
1778 3653 2052 3705 excitabit.

805 3726 1098 3780 Adduntur
1135 3741 1347 3776 versus:
2264 3787 2268 3790 q

1004 3798 1177 3850 Multa
1211 3798 1348 3864 legit
1383 3799 1571 3864 paucis
1610 3800 1703 3864 qni
1738 3797 1931 3849 librum
1968 3798 2247 3865 praedicat
2280 3799 2473 3862 istum3

1133 3872 1256 3923 Hoc
1296 3887 1479 3924 servus
1518 3871 1665 3934 fecit,
1704 3871 1903 3922 Karolo
1942 3887 2087 3938 rege,
2126 3877 2265 3922 tune.

1007 3945 1099 3996 Sic
1137 3959 1245 3995 una
1283 3960 1349 3994 ex
1386 3943 1565 3995 multis
1603 3959 1743 3995 nunc
1778 3944 1873 3995 fiat
1912 3945 2147 3996 ecclesia
2183 3943 2425 4010 templis;

1134 4018 1244 4068 Det
1280 4016 1463 4068 David
1499 4019 1641 4068 vires
1677 4016 1889 4068 scilicet
1922 4018 2038 4082 ipse
2076 4018 2244 4068 Deus.

621 4090 760 4142 Urbs
798 4088 1059 4141 Romulea
1109 4089 1268 4140 etiam
1302 4089 1444 4140 Hist.
1483 4088 1657 4156 Lany.
1701 4088 1793 4151 II,
1848 4090 1955 4154 23.-
1975 4098 2023 4140 et
2063 4089 2127 4141 G.
2167 4089 2313 4140 Mett.
2352 4105 2407 4153 p.
2448 4087 2569 4140 265.
2623 4086 2848 4141 dicitur,-

625 4170 888 4214 extremus
926 4163 978 4213 b.
1019 4163 1304 4213 Benedicti
1341 4161 1581 4213 servulus
1631 4162 1810 4213 scribit
1846 4162 2050 4213 Paulus
2087 4160 2147 4212 in
2184 4160 2425 4224 homilia,
2480 4160 2660 4229 Miqne
2682 4153 2847 4217 XCV,

613 4254 676 4302 p.
707 4236 868 4288 1577.
908 4261 975 4272 -
1017 4234 1100 4285 De
1138 4235 1328 4302 optimo
1369 4235 1483 4286 cod.
1522 4234 1699 4287 Paris.
1731 4233 1831 4286 Nr.
1863 4234 2023 4286 7662.
2054 4251 2113 4306 ⁴v.
2138 4234 2211 4286 ib.
2241 4251 2301 4300 p.
2333 4234 2495 4285 1704.

622 4333 668 4386 a)
702 4335 811 4374 deest
843 4335 908 4377 ed.
1057 4333 1105 4386 b)
1138 4335 1323 4375 domino
1357 4335 1455 4384 regi
1487 4335 1540 4376 0.
1575 4335 1637 4373 ed.
1775 4331 1817 4384 c)
1848 4335 2013 4375 Festus
2045 4335 2107 4374 ed.
2242 4333 2289 4384 d)
2322 4334 2434 4374 deest
2467 4334 2532 4376 ed.
2652 4328 2694 4381 e)
2729 4333 2853 4368 com·

623 4395 791 4442 pendio
823 4394 887 4435 ed.
1006 4392 1042 4444 f)
1077 4395 1226 4444 poetis
1258 4394 1319 4435 ed.
1444 4392 1490 4445 g)
1526 4393 1833 4434 subtilismum
1863 4404 1900 4436 e.
2020 4393 2068 4447 h)
2102 4403 2251 4442 quave
2283 4403 2321 4432 e.
2686 4397 2689 4400 ’
