2984 4917
646 394 869 446 PAULI
908 394 1262 446 HISTORIA
1299 392 1976 481 nANGOBARDoRUM.
2394 398 2427 447 3

239 562 442 626 Item
484 583 763 626 versus
805 560 1038 625 Pauli
1083 561 1404 625 diaconi
1449 558 1543 624 de
1586 560 1811 624 annis
1854 582 1895 623 a
1936 562 2381 648 principio·

308 679 372 743 A
459 680 731 765 rincipio
775 678 1139 743 seculorum
1183 703 1386 767 usque
1428 679 1514 744 ad
1558 678 1871 744 diluvium

439 764 696 827 uocenti
740 762 1162 850 quadraginta
1205 763 1331 827 duo
1375 762 1531 827 bina
1571 762 1749 827 milia

394 846 652 913 evoluta
692 856 1123 933 supputantur
1164 869 1476 911 annorum
1521 846 1857 912 curricula.

305 950 564 1047 Dehinc
609 970 813 1036 usque
857 970 984 1047 quo
1027 948 1236 1013 fidelis
1278 948 1609 1047 Abreham
1654 959 1914 1015 exortus
1959 960 2057 1016 est

389 1055 611 1097 nomes
655 1042 908 1097 centem
952 1032 1080 1096 duo
1127 1033 1555 1120 quadragmta
1596 1034 1837 1120 pariter

393 1116 519 1181 sibi
563 1117 951 1181 successisse
995 1120 1149 1181 anni
1193 1116 1563 1181 scribuntur
1605 1140 1689 1182 ex
1734 1117 1972 1184 ordine.

305 1219 415 1283 Ex
457 1219 579 1282 hoc
623 1228 910 1303 tempore
955 1240 1289 1305 quousque
1332 1219 1441 1283 Mo
1490 1222 1548 1283 si
1591 1222 1660 1283 in
1701 1220 1959 1284 heremo

388 1311 878 1389 praeceptorum
920 1303 1208 1367 instituta
1249 1302 1412 1367 tradi
1465 1304 1513 1367 ‘t
1552 1303 1921 1369 Altissimus

386 1408 588 1450 annos
633 1387 918 1472 quinque
963 1396 1026 1449 et
1070 1388 1451 1473 quingentos
1493 1390 1873 1473 praeterisse
1916 1389 2240 1455 terminos·

303 1489 499 1573 Legis
543 1487 729 1551 datae
771 1510 810 1550 a
853 1487 1081 1551 diebus
1125 1497 1188 1552 et
1230 1490 1629 1576 conscriptae
1672 1488 1935 1554 caelitus

385 1593 592 1659 usque
637 1593 764 1657 quo
806 1572 1117 1658 templum
1160 1572 1400 1637 dicavit
1439 1596 1557 1638 rex
1606 1573 2111 1658 sapientissimus

390 1655 839 1742 quadringenti
883 1658 1207 1740 octoginta
1250 1656 1436 1721 orbes
1479 1656 1719 1721 evoluti
1763 1666 1927 1721 slmt.

301 1758 628 1823 Percurrit
669 1756 821 1820 hinc
861 1756 1112 1820 annalis
1157 1757 1310 1821 ordo
1357 1779 1473 1822 sua
1517 1780 1546 1822 s
1595 1760 1737 1823 acia

386 1842 832 1990 quingentenis
877 1852 940 1905 et
981 1840 1254 1939 bissenis
1297 1844 1501 1922 annis,
1604 1841 1947 1941 abylonica

432 1946 593 1989 onec
635 1922 945 2010 populum
987 1924 1264 1989 vastabit
1306 1923 1507 1990 Israel
1550 1936 1910 2011 captlvitas.

299 2026 557 2091 Exhinc
601 2049 803 2112 usque
850 2048 976 2114 quo
1023 2025 1292 2091 salutem
1337 2028 1539 2113 Virgo
1584 2027 1810 2093 mundi
1853 2052 1932 2114 pe
1982 2032 2119 2112 erit,

384 2133 576 2197 quem
616 2111 967 2196 prophetae
1011 2110 1468 2195 praedixerunt
1508 2122 1850 2176 venturum
1952 2114 2293 2196 mmanuel,

386 2192 757 2258 octodeceni
801 2204 865 2259 et
908 2195 1237 2280 quingenti
1280 2198 1526 2279 peracti
1571 2205 1722 2258 sunt
1766 2195 2007 2259 circuli.

297 2298 442 2361 Rex
486 2306 740 2360 eternus
784 2294 1097 2359 mundum
1140 2296 1316 2359 venit
1357 2306 1712 2360 restaurare
1757 2294 2077 2381 perditum
2114 2344 2132 2362 .

385 2382 666 2466 quinque
709 2378 886 2442 milia
928 2378 1198 2465 expletis
1243 2380 1426 2441 annis
1469 2402 1509 2441 a
1550 2380 1869 2466 principio

383 2474 640 2528 centum
683 2473 876 2550 atque
919 2462 1268 2547 nonaginta
1310 2484 1545 2527 novem
1585 2464 1773 2527 hinca
1817 2487 1933 2549 per
1976 2463 2312 2530 calculum.

270 2565 600 2631 *Glorioso
643 2563 725 2628 ab
771 2564 1051 2629 adventu
1091 2564 1540 2651 Redemptoris
1584 2567 1871 2629 omnium

380 2649 465 2713 ad
507 2649 680 2713 hunc
723 2670 928 2734 usque
967 2649 1177 2734 prima
1218 2669 1458 2711 annum
1500 2649 1570 2711 in
1657 2672 1741 2713 uo
1787 2661 1884 2715 est
1923 2650 2187 2717 indictio

381 2734 766 2818 septingenti
807 2733 1143 2817 sexaginta
1183 2742 1440 2819 tresque
1483 2732 1649 2795 simu
1715 2734 1867 2797 anni
1910 2744 2076 2798 sunt.

289 2832 444 2899 Alta
482 2855 646 2920 pace
687 2855 860 2897 nunc
902 2832 1148 2898 exultat
1187 2836 1368 2982 regio
1383 2836 1411 2876 ¹³
1453 2834 1745 2899 Ausonia

379 2917 720 2982 Desiderio
767 2918 1083 3004 simulque
1126 2917 1270 2982 Ade
1298 2918 1432 2983 chis
1475 2917 1892 3003 regnantibus

379 3001 840 3067 florentissimis
886 3011 950 3066 et
991 3002 1135 3087 piis,
1180 3024 1330 3066 cum
1371 3002 1533 3067 haec
1574 3010 1877 3066 annotata
1920 3012 2083 3066 sunt.

291 3104 734 3189 Principatum
778 3103 1135 3168 Beneventi
1178 3103 1443 3170 ductore
1483 3103 1831 3167 fortissimo

377 3188 648 3252 Arechis
689 3195 1018 3272 regnante,
1061 3186 1224 3251 freto
1270 3188 1548 3274 Superni
1592 3185 1851 3267 auxilio,

375 3269 746 3358 Adelperga
791 3292 938 3335 cum
979 3270 1322 3356 tranquilla
1364 3272 1561 3355 stirpe
1604 3278 1791 3333 natac
1833 3270 2027 3353 regia.

289 3372 503 3437 Iudex
544 3374 762 3438 veniet
803 3395 1117 3459 supernus
1159 3371 1334 3438 velut
1375 3371 1589 3455 fulgor
1633 3368 1925 3453 caelitus3

378 3455 517 3521 dies
561 3467 657 3521 set
699 3466 809 3521 aut
849 3456 1008 3521 hora
1051 3456 1327 3543 quand0‚
1370 3478 1502 3520 non
1543 3464 1721 3541 patet
1762 3451 2155 3519 mortalibus.

371 3538 526 3605 felix
570 3541 708 3623 erit,
755 3562 948 3626 quem
987 3550 1283 3627 paratum
1323 3539 1678 3605 inveneritd
1722 3537 2061 3601 Dominus·

287 3640 460 3707 Ante
504 3651 683 3705 tuum
746 3642 912 3705 iuste
955 3642 1172 3725 iudex,
1217 3642 1373 3707 dum
1415 3642 1660 3707 steterit
1701 3640 1931 3705 solium

373 3726 648 3789 Arechis
686 3690 1010 3811 'benignus
1055 3725 1284 3791 ductor
1327 3749 1474 3791 cum
1520 3723 1849 3811 praeclara
1891 3725 2185 3807 coniuge,

375 3809 545 3873 dona
587 3810 679 3873 eis
724 3830 872 3874 cum
915 3809 1134 3876 electis
1176 3807 1400 3875 laetari
1440 3809 1836 3897 perenniter!

333 4026 587 4090 Eadem
630 4024 1008 4111 Adelperya
1050 4034 1341 4090 monente
1385 4023 1638 4088 Paulus
1683 4024 2013 4109 yrandius
2058 4044 2225 4107 opus
2266 4046 2406 4088 sus·

154 4111 368 4193 cepit,
416 4110 758 4175 historiam
800 4111 1252 4175 Romanorum
1309 4108 1389 4172 ab
1433 4108 1757 4193 Eutropio
1803 4107 2121 4190 scriptam
2166 4130 2409 4193 augen-

155 4306 208 4359 ε)
245 4308 356 4348 decet
391 4309 433 4349 1.
555 4305 604 4359 b)
636 4307 692 4350 A.
726 4319 765 4348 r.
800 4310 841 4349 1.
995 4305 1037 4359 c)
1071 4308 1347 4358 stirpentata
1378 4308 1510 4355 regio
1545 4308 1603 4347 1..
1739 4302 1787 4357 d)
1820 4306 2066 4358 invenerit,
2096 4303 2275 4346 steterit
2299 4312 2405 4351 pro-

149 4366 459 4407 nunciandum
491 4368 587 4407 erit.
1570 4382 1577 4389 ·

1872 4448 1941 4499 1.

2434 2578 2453 2599 ⁸
2494 2584 2598 2623 .14.
