2984 4917
584 418 803 469 PAULI
843 416 1192 469 HISTORIA
1229 418 1910 471 LANGOBARDORUM.
2298 423 2365 472 21

111 588 381 671 copiam
425 586 731 649 habuisse
780 586 1057 650 videtur.
1145 584 1258 649 Ad
1307 586 1653 651 historiam
1696 585 2066 651 Romanam
2126 610 2370 673 auqen-

113 672 278 735 dam
330 678 605 753 praeter
663 670 1056 755 Hieronymi
1117 678 1176 733 et
1229 669 1546 753 Prosperi
1608 671 1921 734 chronica
1985 675 2369 737 1raesertim

111 755 438 837 epitomen
493 776 660 838 quae
704 751 970 817 Aurelii
1027 754 1298 817 Victoris
1349 754 1609 817 nomine
1639 754 1895 837 fertur,
2019 757 2268 820 rosium
2308 766 2369 820 et

107 838 484 903 Jordanem
527 838 848 919 adhibuit,
897 846 1248 922 praeterea
1289 838 1701 919 Frontinum,
1742 838 2077 920 Plinium;
2124 854 2215 902 an
2256 840 2367 905 Li-

109 922 299 985 vium
341 921 597 1003 viderit,
643 921 914 987 dubium
956 931 1062 985 est.
1157 920 1429 1006 Veryilii
1467 922 1679 985 locum
1720 924 1797 985 in
1843 923 2143 987 Historia
2185 923 2363 989 Lan-

107 1006 564 1091 9obardorum
617 1007 966 1089 eoescripsit
1008 1005 1100 1089 (I,
1147 1006 1222 1085 6)
1239 1026 1264 1085 ,·
1327 1004 1494 1070 alios
1540 1014 1775 1090 poetas
1834 1008 1907 1070 in
1960 1007 2365 1072 carminibus

105 1098 428 1153 memorat
470 1089 568 1152 vel
608 1091 928 1152 imitatur.
1343 1156 1368 1161 ,‚
1929 1134 1935 1139 -

287 1170 570 1237 Paulum
601 1172 950 1257 plerosque
992 1174 1102 1240 sui
1142 1171 1409 1252 saeculi,
1443 1175 1839 1257 praesertim
1881 1195 2029 1237 vero
2060 1177 2367 1259 temporis

110 1259 475 1321 anterioris
517 1258 864 1340 scriptores
906 1256 1148 1342 linqua
1179 1258 1460 1339 puriore
1507 1278 1872 1341 superasse,
1928 1280 2010 1322 eae
2053 1280 2123 1323 eo
2157 1268 2366 1342 patet,

109 1341 294 1425 quod
321 1350 456 1403 tam
484 1340 776 1403 Karolus
803 1362 922 1404 reoe
963 1362 1160 1426 quam
1189 1338 1627 1404 Adalhardus
1658 1340 1861 1405 abbas
1889 1339 2033 1405 stilo
2064 1344 2208 1425 ejus
2235 1351 2365 1410 ute-

109 1424 364 1488 bantur
431 1425 522 1487 ad
574 1424 776 1488 libros
828 1434 1068 1489 veteres
1123 1424 1590 1505 emendandos,
1642 1423 2045 1489 soloecismos
2099 1426 2363 1509 aliaque

105 1509 284 1572 vitia
341 1507 810 1572 eliminandal.
897 1508 985 1571 Et
1027 1531 1224 1593 quam
1267 1506 1616 1594 diligenter
1658 1510 1733 1571 in
1778 1510 1902 1573 hac
1952 1532 2024 1573 re
2065 1520 2365 1574 versatus

109 1594 232 1673 sit,
293 1593 437 1676 ipse
493 1592 768 1675 epistola
827 1592 916 1656 ad
973 1591 1440 1656 Adalhardum
1506 1593 1669 1657 data
1720 1591 2091 1677 profitetur.
2192 1592 2365 1658 Sunt

105 1678 228 1760 qui
271 1678 470 1740 etiam
511 1678 1013 1761 yrammaticum
1057 1694 1222 1759 opus·
1262 1677 1399 1759 ipsi
1440 1676 1847 1746 tribuerint²‚

292 1758 412 1824 Vis:
453 1770 668 1823 tamen
717 1782 1086 1841 sermonem,
1132 1783 1256 1845 quo
1299 1762 1376 1823 in
1420 1760 1725 1825 Historia
1766 1760 2362 1846 Langobardorum

105 1865 276 1907 usus
328 1853 440 1925 est,
481 1843 889 1908 laudaveris.
977 1842 1059 1908 Si
1102 1844 1433 1908 codicibus
1479 1846 1961 1928 antiquissimis
1984 1844 2181 1926 fides,
2226 1868 2359 1909 non

103 1949 271 1990 raro
314 1936 546 1991 contra
579 1930 1048 2012 yrammaticae
1083 1950 1153 1991 re
1202 1928 1350 1991 ulas
1385 1930 1687 2012 peccavit
1715 1928 1989 1992 Paulus.
2052 1928 2362 2013 Linquae

103 2010 222 2073 vul
275 2012 434 2091 aris,
481 2034 615 2095 qua
658 2034 708 2074 s.
763 2010 897 2074 VII.
943 2021 1002 2075 et
1054 2012 1148 2076 VI
1175 2012 1228 2075 I.
1273 2014 1625 2097 scriptores
1669 2022 1923 2076 tantum
1966 2035 2101 2076 non
2147 2034 2361 2077 omnes

107 2033 485 2176 utebantur,
515 2104 648 2159 tam
670 2095 830 2158 Itali
859 2118 1062 2180 quam,
1087 2094 1289 2175 Galli,
1324 2099 1603 2182 vestigia
1632 2118 1767 2160 non
1785 2118 2017 2180 pauca
2046 2098 2359 2161 invenies.

101 2178 264 2243 Non
309 2187 481 2242 certo
525 2181 767 2242 certius
811 2188 1081 2257 constat,
1126 2202 1292 2263 quae
1334 2182 1472 2263 ipsi
1506 2179 1741 2259 Paulo,
1828 2203 1953 2243 uae
1998 2202 2356 2243 amanuen-

103 2263 292 2326 sibus
359 2264 492 2326 sint
553 2262 920 2329 tribuenda.
1031 2261 1113 2325 Si
1177 2262 1483 2326 Historia
1539 2262 1773 2346 Lanqo
1818 2264 2135 2327 ardorum
2200 2262 2358 2327 aliis

99 2345 297 2410 libris
320 2344 760 2431 neqliqentius
781 2348 1033 2431 scripta
1061 2346 1322 2409 videtur
1349 2356 1408 2409 et
1431 2345 1639 2430 plura
1666 2346 1989 2409 barbarae
2010 2346 2360 2411 locutionis

101 2430 407 2514 exempla
439 2431 729 2515 praebet,
777 2430 1332 2494 considerandum
1411 2431 1630 2494 uidem
1658 2439 1767 2507 est,
1816 2453 1979 2515 opus
2022 2430 2355 2514 impevfec-

98 2524 244 2578 tum
289 2536 424 2577 esse
465 2524 522 2577 et
559 2516 676 2577 vioe
721 2513 803 2577 ab
847 2516 994 2597 ipso
1036 2513 1244 2578 Paulo
1293 2537 1360 2577 re
1387 2523 1611 2579 ectum.
1668 2515 1806 2579 Nec
1836 2524 2050 2578 tamen
2082 2538 2127 2577 a
2136 2514 2353 2599 falsis

97 2598 447 2663 verborum
489 2596 740 2681 formis
797 2608 854 2661 et
905 2598 1296 2661 soloecismis
1347 2597 1739 2663 abstinuisse
1792 2598 2151 2663 censendus
2202 2608 2351 2663 est³.

104 2680 262 2756 Qua
293 2683 374 2747 de
403 2704 474 2745 re
502 2705 648 2746 cum
671 2681 836 2747 alibi
842 2680 1010 2762 fuse
1031 2683 1449 2747 disseruerim
1472 2682 1596 2765 (N.
1614 2683 1861 2747 Archiv
1884 2683 1937 2762 I,
1952 2705 2027 2766 p.
2050 2682 2177 2746 539
2199 2686 2351 2768 sq.),

39 2810 46 2815 -
101 2768 264 2831 haec
311 2766 585 2830 breviter
625 2768 950 2829 monuisse
993 2765 1286 2849 sufficiat
1301 2774 1350 2847 4,
1393 2789 1474 2830 ne
1517 2766 1779 2831 lectores
1818 2764 2155 2851 offendant
2226 2789 2353 2831 uae

96 2851 304 2915 nimis
347 2849 627 2914 barbare
669 2872 984 2934 eoepressa
1026 2850 1526 2933 deprehendent.
1610 2848 1871 2915 Codices
1909 2852 2104 2913 etiam
2136 2874 2191 2935 p
2222 2874 2351 2913 ura

95 2934 430 3020 ejusmodi
475 2933 812 3017 praebent,
871 2942 930 2996 et
986 2943 1172 2997 caute
1229 2957 1308 2997 ea
1363 2943 1618 2997 tantum
1676 2936 1893 3017 recepi
1951 2955 2117 3019 quae
2176 2944 2352 2997 certa

98 3040 330 3083 eorum
361 3019 745 3081 auctoritate
772 3016 1022 3101 fulciri
1057 3016 1467 3100 videbantur,
1516 3017 1669 3081 aliis
1701 3041 1868 3103 quae
1896 3019 2115 3103 ma9is
2146 3017 2350 3081 dubia

97 3111 298 3165 erant
338 3102 414 3165 in
459 3103 918 3165 annotationes
958 3099 1188 3165 relatis
1202 3111 1246 3163 ³.

99 3281 156 3346 1)
199 3279 398 3333 Nescio
433 3281 579 3333 wnde
615 3278 893 3343 Mabillon,
933 3280 1020 3331 De
1057 3297 1115 3331 re
1154 3280 1287 3345 dipl.
1317 3298 1381 3347 p.
1423 3282 1511 3342 51,
1552 3276 1807 3339 hauserit,
1848 3296 1967 3331 cum
2002 3280 2165 3344 dicat,
2204 3270 2350 3331 Pau-

97 3356 208 3406 lum
239 3354 486 3406 homilias
513 3372 620 3419 per
657 3371 860 3405 annum
897 3352 1000 3421 legi
1036 3352 1218 3404 solitas
1257 3362 1305 3405 et
1343 3353 1547 3419 aliquot
1572 3350 1864 3419 Augustini
1903 3350 2153 3419 epistolas
2190 3352 2349 3405 inter-

87 3426 406 3495 punctionis
443 3426 735 3495 siqnaculis
771 3425 1086 3478 illustrasse.
1167 3424 1311 3477 Certe
1347 3424 1409 3477 in
1445 3424 1671 3491 epistola
1708 3423 1901 3476 Karoli
1949 3424 2213 3491 encyclica
2249 3426 2352 3478 hac

98 3502 167 3553 de
207 3517 264 3552 re
316 3498 467 3551 nihil.
621 3498 678 3565 2)
721 3499 802 3565 (ff.
853 3500 1156 3551 Bethmann
1197 3517 1260 3565 p.
1313 3500 1439 3563 319,
1489 3497 1585 3565 qui
1634 3498 1933 3550 testimonia
1985 3500 2202 3566 collegit.
2278 3498 2350 3551 In

95 3582 206 3625 cat.
247 3573 369 3625 bibl.
407 3572 672 3624 Lauresh.
713 3590 803 3639 ap.
843 3572 964 3623 Mai
999 3571 1186 3639 Spicil.
1237 3571 1307 3636 V,
1341 3589 1406 3637 p.
1451 3573 1517 3621 19
1572 3570 1786 3637 (Rhein.
1836 3572 1979 3627 Mus.
2032 3572 2255 3637 XXIII,
2285 3590 2350 3639 p.

95 3648 236 3709 390)
291 3644 510 3713 leqiturs
556 3647 660 3698 Ars
709 3648 1062 3711 grammatica
1111 3647 1168 3698 S.
1217 3646 1523 3709 Augustini.
1613 3648 1750 3696 Item
1798 3646 1961 3697 Pauli
2007 3647 2241 3697 Diaconi
2280 3646 2352 3698 ad

99 3719 360 3772 Carolum
399 3734 600 3784 regem.
676 3717 748 3769 Id
783 3736 906 3771 vero
946 3721 1144 3785 procul
1193 3718 1355 3769 dubio
1396 3718 1470 3769 ad
1520 3718 1749 3771 codicem
1786 3717 2020 3783 pertinet
2055 3735 2197 3769 nwnc
2249 3718 2351 3771 Va·

96 3791 618 3845 ticam-Palatinum
643 3791 746 3843 Nr.
788 3794 948 3856 1746,
987 3792 1080 3843 ubi
1100 3792 1158 3859 f.
1199 3792 1305 3843 27¹.
1334 3790 1559 3859 legitur:
1598 3792 1801 3859 Incipit
1838 3808 1923 3843 ars
1951 3792 2153 3843 Donati
2192 3808 2352 3859 quam

94 3866 306 3921 Paulus
343 3865 604 3917 diaeonus
643 3867 916 3932 exposuit3
961 3880 1062 3931 quo
1101 3863 1251 3917 titulo
1289 3863 1494 3916 Donati
1543 3874 1708 3917 artem
1745 3881 1905 3929 quam
1954 3866 2139 3917 dicunt
2185 3864 2358 3917 mino·

94 3957 212 3992 rem
249 3936 523 4002 contineri,
575 3938 644 3992 A.
707 3938 956 3989 Wilmans
1004 3936 1206 3989 monuit
1246 3938 1463 4003 (Rhein.
1501 3938 1647 3989 Mus.
1695 3936 1915 4001 XXIII,
1945 3955 2009 4004 p.
2050 3937 2201 4003 397).
2293 3937 2351 3989 V.

98 4012 180 4066 ΟΖ.
219 4010 362 4075 Keil,
405 4011 882 4063 Grammaticorum
918 4010 1234 4062 Latinorum
1272 4010 1441 4064 editor
1489 4010 1835 4074 doctissimus,
1876 4012 1981 4063 tale
2016 4010 2183 4062 Pauli
2217 4028 2353 4077 opus

95 4085 320 4139 niinime
357 4102 413 4137 se
447 4082 726 4145 invenisse,
765 4083 898 4136 mihi
931 4082 1160 4149 scripsit.
1311 4082 1369 4149 3)
1407 4083 1599 4136 Etiam
1633 4082 1975 4135 Einhardum
2024 4084 2083 4135 in
2120 4083 2353 4149 epistolis

97 4169 148 4213 ct
189 4157 542 4210 translatione
580 4156 639 4209 S.
677 4155 824 4209 Petri
859 4165 910 4209 st
963 4155 1269 4208 Marcellini
1311 4155 1657 4225 ne91i9entius
1709 4154 1915 4208 Latina
1962 4155 2149 4225 lingua
2196 4173 2353 4209 usum

96 4250 214 4287 esse
251 4248 418 4299 quam
453 4229 513 4283 in
561 4228 683 4281 Vita
719 4228 930 4293 Karoli,
981 4246 1155 4295 nuper
1192 4229 1567 4282 Dunzelmann
1610 4230 1831 4284 monuit.
1980 4229 2041 4298 4)
2082 4228 2351 4281 Sim-ilibus

95 4304 442 4359 soloecismis
465 4304 578 4355 alia
613 4302 770 4371 hujus
825 4302 1071 4370 temporis
1124 4302 1365 4354 carmina
1413 4304 1677 4367 laborare,
1714 4304 1835 4371 jam
1886 4302 2231 4365 Giesebrecht,
2268 4302 2353 4355 De

97 4380 204 4432 litt.
255 4378 404 4431 stud.
449 4394 514 4443 p.
554 4377 624 4427 36
675 4378 748 4441 h.,
795 4375 994 4429 invitus
1027 4376 1154 4444 fere
1204 4376 1472 4430 concessit.
1657 4379 1711 4441 5)
1748 4374 1870 4429 Hoc
1916 4391 2085 4427 unum
2121 4376 2352 4427 addam=
