2984 4917
702 384 924 436 PAULI
961 382 1310 435 HISTORIA
1347 382 2022 436 LANGOBARDORUM.
2164 396 2169 401 ·
2416 386 2489 435 37

238 552 532 616 flIartini
580 554 656 616 in
725 550 1171 636 I‘Viniyartin',
1204 560 1442 635 postea
1486 551 2127 638 Senkenberyianus,
2171 574 2223 615 s.
2265 552 2381 615 IX.
2422 552 2486 635 4,

235 635 448 699 nitide
511 637 586 699 in
654 633 807 698 alba
859 657 1274 719 perqamena
1332 644 1650 699 exaratus
1673 683 1690 716 ‚
1756 634 1854 699 nil
1919 637 2057 699 nisi
2121 636 2487 701 Historiam

149 742 158 753 ·
236 718 839 805 Lanyobardorum
881 720 1239 782 continens.
1324 718 1536 783 Plura
1568 719 1951 783 exciderunt
1974 718 2161 804 folia
2194 725 2486 804 (quater-

235 803 464 868 nionis
495 804 714 887 primi
759 805 815 866 1.
844 800 905 864 3.
935 803 997 865 4.
1027 804 1086 865 5.
1133 803 1192 881 6,
1237 804 1495 887 septimi
1536 804 1595 880 5,
1640 804 1971 868 undecimi
2017 805 2073 883 1,
2118 803 2487 868 duodecimi

239 888 299 968 7,
349 886 584 951 decimi
624 887 802 961 tertii
849 888 904 965 1,
949 887 1185 950 decimi
1236 888 1495 970 septimi
1537 885 1633 966 8·).
1719 887 2050 951 Lectionis
2104 888 2485 951 varietatem

231 972 314 1035 in
366 969 575 1035 C'atal.
619 968 765 1034 bibl.
833 966 1198 1034 Giessensis
1252 970 1394 1034 Otto
1433 993 1507 1055 p.
1552 969 1907 1035 288—312.
1952 970 2299 1057 evulyavit,
2333 973 2485 1056 jam

239 1063 442 1118 antea
470 1054 839 1118 Bethmann
883 1056 1186 1134 enotavit,
1217 1063 1378 1141 post
1415 1076 1598 1139 quem
1626 1058 1740 1119 eti
1789 1077 1853 1119 se
1881 1053 2119 1118 librum
2212 1056 2484 1119 retiosae

240 1139 664 1223 antiquitatis
724 1160 767 1201 a
825 1135 1236 1201 bibliothecae
1285 1138 1632 1223 praefecto
1748 1183 1761 1199 .
1814 1136 1909 1203 ΟΖ.
1965 1138 2153 1202 Noac
2251 1139 2481 1202 huma-

237 1224 508 1286 nissime
529 1221 919 1285 Berolinum
943 1223 1402 1286 transmissum
1428 1223 1807 1285 accuratius
1817 1221 2249 1308 perlustravi.
2300 1220 2485 1295 Quae

239 1306 534 1370 secunda
569 1327 809 1369 manus
852 1307 1138 1369 correxit
1166 1308 1426 1390 partim
1469 1328 1551 1369 esc
1594 1306 1660 1369 F
1681 1307 1710 1368 1
1760 1315 1975 1370 sumta
2018 1315 2192 1369 sunt.
2264 1304 2363 1390 (J.
2390 1306 2482 1371 N.

237 1390 443 1453 Arch.
468 1389 521 1468 Ι,
532 1412 609 1474 p.
641 1388 786 1453 555.
852 1388 1245 1475 Scripturae
1275 1391 1599 1489 specimen
1627 1390 1775 1453 vide
1802 1391 1877 1453 in
1906 1390 2038 1458 tab.
2060 1390 2177 1454 IV.
2201 1391 2299 1454 ed.
2322 1392 2483 1475 maj.

411 1473 550 1558 (67)
600 1470 661 1536 G
689 1472 775 1535 *2.
847 1471 1359 1538 Casselensis
1398 1472 1817 1538 bibliothecae
1836 1472 2025 1558 folia
2060 1474 2100 1537 6
2145 1475 2483 1558 quadrata

235 1558 314 1621 in
369 1566 427 1620 te
475 1558 753 1621 umentis
808 1556 1125 1621 librorum
1169 1577 1214 1621 a
1254 1558 1498 1623 Jacobo
1546 1555 1863 1621 Grimmio
1909 1557 2173 1622 detecta.
2267 1557 2483 1622 Codeae

236 1662 289 1704 s.
435 1690 450 1705 .
510 1663 712 1704 manu
773 1638 1320 1727 Anylosaoeonica
1376 1651 1714 1721 eoearatus,
1774 1641 1925 1705 olim
1968 1643 2043 1705 in
2086 1644 2480 1706 monasterio

229 1721 557 1788 Fuldensi
589 1772 606 1805 ‚
675 1734 915 1807 postea
965 1723 1038 1789 S.
1095 1726 1384 1789 Martini
1461 1726 1864 1806 Mayuntino
1925 1723 2151 1809 fuisse
2221 1726 2484 1789 videtur

228 1808 360 1956 Ξῖ.
421 1808 621 1871 Arc’h.
679 1808 814 1888 VII,
849 1830 925 1891 p.
969 1808 1130 1889 283;
1185 1810 1276 1873 Ν.
1319 1807 1520 1873 Arch.
1566 1810 1645 1892 I,
1654 1832 1729 1893 p.
1774 1807 1901 1872 554
1941 1832 2027 1889 n.,
2073 1818 2132 1873 et
2173 1809 2250 1872 de
2293 1808 2481 1874 libris

336 1892 454 1955 lda
516 1894 591 1957 in
651 1894 1120 1956 monasterium
1176 1892 1248 1961 S.
1303 1894 1591 1957 Martini
1646 1892 1991 1957 translatis
2054 1891 2479 1974 Giesebrecht‚

230 1975 293 2039 Z
327 1974 400 2060 f.
447 1974 675 2040 Gesch.
715 1974 852 2056 VII,
885 1999 963 2061 p.
1007 1976 1188 2056 564).

402 2060 512 2123 Eoe
555 2060 672 2124 hoc
696 2058 996 2144 fortasse
1019 2061 1234 2145 fluxit

317 2140 543 2291 ΙΧζὸὃ)
581 2141 640 2207 G
659 2142 722 2205 2.
767 2144 879 2207 He
894 2146 923 2207 i
939 2144 984 2208 d
997 2168 1030 2208 e
1045 2143 1068 2206 l
1083 2144 1162 2207 be
1178 2167 1217 2205 r
1226 2167 1270 2230 9
1287 2168 1318 2208 e
1334 2168 1378 2207 n
1395 2146 1511 2208 sis
1533 2141 1889 2207 Palatinus
1911 2144 2035 2207 Nr.
2053 2142 2196 2223 912,
2219 2142 2478 2206 membr.

231 2252 283 2292 s.
415 2228 506 2308 .4,
590 2224 848 2291 luribus
872 2228 1196 2307 manibus,
1225 2250 1509 2313 quarum
1546 2228 1907 2312 specimina
1940 2228 2015 2290 in
2049 2227 2180 2300 tab,
2217 2225 2335 2290 IV.
2378 2226 2479 2289 ed.

224 2314 388 2395 maj.
414 2311 491 2375 de
540 2312 731 2391 imus,
755 2313 1064 2396 scriptus,
1095 2312 1210 2396 qui
1231 2311 1436 2375 solum
1454 2311 1741 2375 Paulum
1770 2312 2065 2375 continet.
2116 2309 2479 2393 Eaeemplar

233 2395 506 2460 *litteris
538 2395 647 2458 An
695 2394 1096 2459 losaoeonicis
1137 2404 1486 2459 exaratum
1509 2394 1957 2478 fundamento
1990 2395 2286 2477 positum
2318 2415 2475 2476 esse,
2497 2394 2513 2413 ‘
2560 2431 2571 2442 ·
2651 2428 2663 2439 ·

231 2502 381 2545 cum
435 2480 556 2561 sin,
590 2502 634 2541 u
665 2502 710 2542 a
761 2478 1098 2560 vocabula,
1143 2488 1278 2543 tum
1322 2480 1597 2542 nomina
1639 2478 2153 2564 Lanyobardica
2175 2478 2475 2562 formam

229 2564 478 2628 induta
579 2565 933 2628 amonicam
1007 2562 1376 2645 Thiadbert,
1430 2561 1754 2643 Thiadric,
1804 2561 2070 2627 Ottwini
2114 2564 2277 2645 etc.)‚
2307 2584 2471 2647 pro-

221 2648 430 2729 ·bant,·
476 2670 507 2710 c
546 2695 560 2710 .
604 2647 694 2710 N.
724 2647 924 2711 Arch.
1005 2695 1024 2728 ,
1057 2670 1137 2732 p.
1171 2646 1314 2710 554.
1380 2646 1597 2711 Multa
1640 2655 1795 2710 sunt
1837 2670 1982 2710 cum
2029 2644 2087 2709 G
2120 2645 2152 2707 1
2200 2668 2474 2709 commu-

228 2733 385 2812 nia,
445 2732 587 2795 aia
628 2753 780 2794 vero
833 2732 914 2794 ab
971 2731 1089 2795 hoc
1146 2732 1474 2811 recedunt,
1518 2733 1915 2815 praesertim
1964 2731 2213 2814 primis
2264 2728 2473 2809 libris,

228 2837 510 2900 quorum
568 2814 787 2878 scriba
851 2816 1167 2879 sermonis
1235 2815 1651 2899 asperitatem
1718 2813 1985 2897 auferre
2051 2835 2317 2897 eumque
2383 2813 2475 2876 ad

225 2901 697 2985 yrammaticae
739 2898 1009 2984 regulas
1053 2899 1181 2963 sibi
1222 2910 1413 2963 notas
1455 2900 1762 2963 reducere
1814 2906 2087 2962 conatus
2130 2905 2239 2961 est.
2332 2895 2473 2970 Quo

229 2981 396 3047 alter
440 2984 884 3047 diasceuastes
927 3004 1060 3046 non
1105 2991 1458 3063 contentus,
1498 2992 1697 3046 totum
1725 2982 1967 3046 librum
1996 2980 2473 3045 emendandum

229 3070 478 3133 sumsit.
517 3064 770 3139 Quibus
799 3089 874 3130 se·
918 3068 1122 3147 ositis,
1153 3067 1388 3152 ubique
1413 3067 1507 3130 ad
1524 3068 1822 3149 priorem
1844 3065 2172 3128 lectionem
2194 3065 2471 3144 recurri,

227 3174 374 3215 cum
418 3150 698 3215 codicem
741 3172 782 3211 a
892 3196 908 3212 .
945 3148 1036 3215 Cl.
1081 3150 1620 3235 ZanyemeisterO,
1664 3149 2075 3213 bibliothecae
2109 3147 2471 3232 praefectO,

227 3230 520 3299 benevole
562 3234 950 3299 Berolinum
1008 3235 1466 3297 transmissum
1511 3234 1761 3297 diutius
1813 3234 1985 3296 inter
2040 3253 2281 3293 manus
2335 3253 2471 3294 ver-

227 3342 463 3383 sarem.
548 3318 660 3382 E'oe
706 3319 822 3382 hoc
865 3317 964 3381 vel
1014 3339 1295 3402 prorsus
1354 3318 1559 3381 simili
1609 3316 1823 3381 codice
1864 3316 2058 3379 etiam
2100 3315 2166 3378 F
2187 3314 2219 3376 1
2268 3336 2470 3377 emen-

225 3404 526 3467 dationes
569 3402 895 3486 quasdam
935 3399 1160 3465 illatas
1202 3423 1354 3482 esse,
1413 3411 1550 3464 tum
1586 3403 1973 3487 perspeoei;-
2008 3398 2094 3484 cf.
2136 3398 2227 3463 N.
2270 3398 2469 3463 Arch.

223 3489 265 3551 l.
309 3487 352 3550 l.
388 3485 692 3656 &955632
707 3579 754 3631 a,
821 3568 913 3633 St
928 3592 973 3632 u
985 3578 1010 3631 t
1023 3578 1048 3631 t
1063 3592 1106 3654 9
1123 3592 1166 3632 a
1181 3568 1316 3633 rdi
1329 3590 1360 3631 θ
1377 3591 1464 3632 ns
1478 3571 1546 3634 is
1578 3568 1749 3632 Hist.
1772 3567 1875 3648 26,
1904 3569 2078 3632 inter
2101 3564 2243 3631 alia
2264 3564 2472 3630 multa

228 3663 379 3719 ante
417 3662 728 3717 trecentos
749 3652 904 3737 fere
935 3675 1148 3717 annos
1184 3654 1260 3717 in
1302 3674 1510 3717 unum
1550 3651 1847 3716 volumen
1892 3650 2043 3716 colli
2091 3659 2205 3715 ata
2248 3672 2471 3714 novem

226 3739 509 3801 continet
537 3739 997 3821 quaterniones
1063 3758 1281 3801 ormae
1303 3739 1701 3818 octonariae,
1725 3736 1959 3820 quibus
1982 3758 2031 3819 p
2059 3756 2209 3798 ures
2229 3755 2470 3798 manus

223 3843 274 3884 s.
305 3820 458 3884 XII.
488 3822 698 3884 inseri
748 3830 973 3883 serunt
1069 3821 1369 3885 istoriam
1407 3820 2020 3907 Lanyobardorum,
2061 3819 2265 3881 vitam
2303 3818 2469 3880 Fur-

222 3906 336 3985 sei,
383 3903 584 4050 alia.h
636 3988 670 4051 b
706 3928 812 3969 am
842 3927 922 3969 eoe
954 3902 1014 3968 G
1043 3904 1084 3967 2
1114 3905 1509 3989 descriptam
1552 3927 1705 3986 esse,
1748 3904 2123 3968 Bethmann
2156 3901 2285 3966 sibi
2316 3921 2470 3983 per-

224 4010 500 4052 suasum
589 4012 631 4051 a
674 3990 791 4053 uit.

391 4070 532 4157 (70)
581 4070 640 4135 G
681 4071 772 4136 ²³3.
879 4071 1636 4137 Cheltenhamensis
1690 4072 1817 4135 Nr.
1882 4070 2077 4149 1885,
2131 4066 2285 4135 olim
2336 4068 2468 4131 Me-

223 4157 449 4236 tensis,
492 4165 649 4241 post
691 4154 949 4243 collegii
998 4155 1519 4235 Claromontani,
1562 4155 1816 4221 membr.
1863 4177 1914 4219 s.
1959 4153 2074 4234 IX,
2132 4152 2248 4216 ubi
2290 4159 2467 4215 cata-

223 4239 368 4327 loqo
414 4242 502 4304 im
555 4250 883 4305 erutorum
938 4262 1017 4303 eae
1059 4240 1251 4303 Beda
1308 4241 1629 4325 descripto
1685 4238 1921 4303 addita
1963 4245 2116 4301 sunt
2158 4244 2467 4319 excerpta

223 4346 304 4388 ex
333 4324 476 4388 Pau
507 4347 543 4389 o
576 4325 667 4389 ad
707 4348 811 4388 res
838 4324 1178 4389 Romanas
1214 4334 1272 4387 et
1301 4322 1772 4389 ecclesiasticas
1806 4321 2211 4408 pertinentia
2242 4318 2333 4402 (I,
2364 4318 2469 4381 25.
