2984 4917
627 414 702 464 20
1085 409 1307 462 PAULI
1345 408 1696 461 HISTORIA
1734 407 2179 461 LANGOBARD
2188 409 2409 462 ORUM.

625 580 910 646 minibus
947 577 1347 727 &rebantur
1401 578 1537 641 sive
1590 578 1697 641 sin
1748 577 1879 641 ulis
1932 577 2093 643 locis
2150 578 2616 642 narrabantur
2658 579 2783 668 (II,
2814 582 2877 645 8.
2972 578 2974 581 ⁴

625 664 755 746 ΙΙΙ,
784 662 888 727 32.
1030 661 1156 744 ,5,·
1209 659 1293 745 cf.
1344 660 1400 741 I,
1431 660 1571 741 27).
1721 682 1881 746 aepe
1926 662 2015 727 ad
2058 684 2138 725 ea
2244 671 2506 726 rovocat
2562 686 2735 748 quae
2790 665 2872 728 ab

625 749 782 815 aliis
825 748 974 812 visa
1019 746 1330 811 audierat
1371 745 1463 828 (I,
1492 744 1554 808 2.
1584 744 1645 808 6.
1678 742 1779 807 13.
1820 744 1913 825 ΙΙ,
1943 745 2003 810 8.
2059 744 2122 825 V,
2156 683 2295 827 lg).
2378 746 2605 811 Etiam
2656 756 2871 811 terra-

625 854 778 897 rum
812 834 1008 897 situm
1049 850 1432 916 coqnoscere
1471 838 1533 894 et
1572 828 1929 893 describere
1968 830 2106 913 ipsi
2147 850 2347 894 curae
2388 839 2513 894 est:
2546 832 2775 915 primo
2822 841 2880 894 et

628 915 911 980 secundo
929 912 1323 999 praesertim
1351 912 1540 993 libro,
1570 935 1717 977 cum
1734 934 1969 999 pauca
1998 913 2079 976 de
2098 913 2289 977 rebus
2316 915 2514 1000 qest-is
2542 914 2881 982 tradenda

628 1008 858 1079 essent,
903 998 976 1062 in
1008 998 1113 1062 his
1143 1006 1462 1061 versatur.
1535 995 1804 1061 Italiam
1831 998 2101 1081 saepius
2184 1006 2539 1084 ervayatus
2570 1036 2649 1047 —
2732 1022 2880 1063 rae·

627 1092 726 1147 ter
754 1083 1061 1167 Papiam,
1090 1080 1387 1163 Romam,
1415 1080 1875 1162 Beneventum,
1906 1085 2103 1145 etiam
2206 1082 2530 1147 odoetiam
2558 1091 2617 1145 et
2713 1092 2882 1147 stam

631 1188 774 1231 eum
818 1166 1099 1246 vidisse,
1157 1163 1509 1229 verisimile
1568 1173 1658 1228 est
1712 1164 1857 1253 (IV,
1900 1164 2002 1229 22.
2059 1163 2122 1245 V,
2166 1164 2242 1246 6)
2256 1188 2281 1247 ,·
2336 1165 2617 1229 Larium
2660 1166 2882 1231 lacum
2972 1236 2974 1241 .

630 1252 919 1315 carmine
975 1248 1318 1314 celebravit
1337 1259 1355 1294 ¹
1401 1286 1488 1297 -—-
1530 1248 1610 1313 de
1664 1247 1949 1313 ecclesiis
2010 1248 2287 1333 aliisque
2346 1247 2673 1331 aedificiis
2732 1273 2856 1314 con

626 1337 897 1399 structis
956 1334 1228 1398 notitias
1285 1331 1541 1418 colleqit
1590 1332 1743 1415 (IV,
1772 1332 1876 1396 48.
1938 1333 2003 1413 V,
2046 1331 2149 1399 34.
2194 1330 2295 1396 36.
2350 1332 2452 1414 VI,
2500 1334 2557 1396 1.
2606 1332 2706 1396 17.
2736 1334 2879 1415 58).
2972 1350 2974 1393 4

629 1417 1087 1484 Nihilominus
1143 1438 1290 1481 vero
1350 1416 1557 1481 multa
1600 1425 1659 1479 et
1747 1417 1943 1480 ravia
1996 1417 2141 1502 ejus
2194 1418 2497 1481 notitiam
2549 1415 2881 1503 effuqisse,
2972 1414 2974 1433 ²

629 1506 1022 1586 scriptorum
1071 1501 1597 1587 Byzantinorum
1661 1438 2068 1587 aliorumque
2109 1510 2667 1565 monumentorum
2714 1525 2883 1588 quae

631 1595 891 1653 exstant
932 1586 1342 1670 comparatio
1387 1584 1587 1648 docet.

800 1669 1021 1736 Libris
1048 1670 1318 1753 scriptis
1344 1668 1599 1731 Paulus
1626 1669 1729 1731 ita
1756 1690 1917 1731 usus
1962 1677 2074 1749 est,
2120 1676 2193 1731 ut
2222 1689 2357 1732 non
2385 1690 2545 1733 raro
2574 1672 2881 1753 ipsorum

629 1755 826 1819 verba
867 1755 1188 1833 retineret,
1233 1750 1309 1815 id
1351 1751 1527 1838 quod
1559 1753 1957 1836 praesertim
2011 1754 2087 1816 in
2126 1751 2290 1816 locis
2332 1775 2413 1817 eae
2458 1752 2783 1837 Gregorio
2828 1762 2885 1817 et

629 1839 823 1903 Beda
853 1838 1083 1902 sumtis
1093 1836 1361 1920 factum
1389 1835 1700 1915 videmus,
1748 1834 1911 1899 alibi
1936 1858 2088 1901 vero
2118 1859 2199 1900 ea
2215 1835 2429 1919 paulo
2461 1836 2700 1921 plusve
2738 1860 2880 1901 mu-

629 1932 814 2003 taret,
859 1929 1144 2008 auqeret.
1227 1919 1529 1984 Eandem
1572 1941 1704 2004 qua
1743 1920 1817 1983 in
1855 1920 2135 1985 historia
2162 1920 2474 1985 Romana
2518 1944 2625 1985 res
2668 1922 2883 1985 diver-

632 2029 745 2071 sas
788 2008 964 2070 inter
1006 2027 1072 2069 se
1115 2026 1234 2069 con
1254 2006 1503 2067 'unctas
1544 2004 1836 2067 videmus
1874 2002 2235 2067 levitatem²
2289 2005 2394 2068 hic
2449 2004 2882 2088 deprehendi-

629 2114 774 2155 mus
793 2099 838 2154 ³.
903 2089 1130 2174 Neque
1172 2090 1202 2152 i
1291 2089 1486 2169 cavit,
1530 2110 1610 2151 ne
1652 2086 1821 2151 talia
1867 2087 2179 2173 adjiceret
2214 2109 2380 2173 quae
2409 2087 2509 2152 vel
2537 2089 2883 2153 verborum

629 2197 894 2240 sensum
959 2172 1300 2237 turbarent
1361 2172 1458 2235 vel
1522 2193 1626 2235 res
1689 2170 1883 2235 aliter
1944 2172 2384 2257 disponerent.
2491 2174 2881 2257 Temporum

632 2259 929 2324 ordinem
967 2280 1217 2359 parum
1258 2265 1466 2321 curat.
1562 2254 1746 2329 Quae
1788 2256 2000 2341 qentis
2044 2278 2205 2319 suae
2244 2255 2499 2341 9loriae
2528 2258 2732 2321 nimis
2764 2257 2882 2321 ad-

628 2345 887 2407 versari
929 2342 1322 2406 videbantur
1365 2337 1623 2403 silentio
1668 2341 1986 2423 praeterit
1998 2350 2045 2401 4.
2130 2340 2463 2404 Ecclesiae
2520 2340 2883 2405 catholicae

633 2426 939 2491 addictus
994 2424 1502 2489 sseodelindam
1556 2422 1849 2503 celebrat,
1905 2425 2097 2509 cujus
2152 2425 2401 2487 meritis
2442 2424 2883 2509 Lanqobardi

632 2516 698 2573 ‘a
801 2508 1139 2572 entilitatis
1198 2509 1433 2571 errore’
1502 2507 1591 2570 ad
1655 2506 2052 2570 catholicam
2092 2506 2297 2587 fldem
2360 2518 2517 2571 sunt
2580 2511 2884 2573 conversi

633 2600 667 2677 (
670 2594 717 2657 I
723 2533 798 2674 V?
830 2592 927 2673 6),
971 2614 1104 2656 non
1148 2600 1363 2654 tamen
1410 2590 1709 2654 acerbius
1754 2591 2159 2673 antiquiores
2210 2593 2493 2677 castigat
2532 2614 2715 2678 reyes
2805 2595 2884 2656 ui

615 2676 822 2761 fidem
866 2675 1350 2761 profitebantur
1404 2673 1757 2739 Arianam.
1844 2674 2214 2739 Rarissime
2244 2676 2583 2761 judicium
2622 2698 2749 2760 pro
2802 2679 2879 2757 it;

633 2782 837 2847 aequo
897 2761 1120 2823 animo
1178 2780 1282 2822 res
1340 2780 1384 2821 a
1437 2780 1503 2822 se
1558 2767 1837 2823 remotas
1871 2760 2268 2845 perstrinyit
2284 2770 2329 2825 ⁸.
2415 2759 2638 2824 Nimis
2662 2758 2879 2843 fabu-

629 2844 772 2908 losa
824 2845 1080 2927 respuit
1092 2852 1138 2924 θ,
1187 2841 1479 2922 fideliter
1536 2862 1686 2905 vero
1744 2863 1909 2927 quae
1968 2865 2047 2906 eoe
2094 2865 2203 2908 ore
2247 2843 2580 2928 populari
2620 2846 2881 2929 accepit

628 2928 996 2993 reddidisse
1038 2927 1316 2991 videtur.
2187 2978 2202 2985 ,

439 3022 517 3075 Ῥ.
540 3027 611 3067 2⁷·
798 3011 1165 3075 *Narratio
1196 3011 1300 3074 his
1320 3010 1713 3093 praesertim
1729 3010 2043 3093 partibus
2071 3011 2365 3076 vivacior
2394 3034 2591 3096 quam
2618 3013 2880 3095 verior,-

628 3117 1123 3180 nonnumquam
1165 3094 1549 3157 carminum·
1578 3094 1723 3157 anti
1766 3116 1999 3157 uorum
2041 3094 2318 3157 relatum
2350 3095 2585 3159 audire
2615 3095 2876 3160 credas.

812 3180 1057 3244 Veteres
1102 3187 1397 3242 auctores
1435 3200 1570 3241 non
1598 3201 1663 3241 m
1761 3198 1829 3241 os
1861 3175 2047 3263 affert
2076 3200 2279 3263 neque
2308 3202 2623 3265 maynam
2650 3202 2881 3247 eorum

629 3344 684 3406 1)
743 3342 804 3394 Z.
845 3342 902 3408 f.
961 3340 1034 3392 D.
1092 3338 1198 3391 Aa.
1256 3340 1391 3403 XII,
1427 3357 1488 3405 Ρ.
1516 3341 1643 3392 451.
1738 3338 1955 3391 Dahnio
2014 3338 2263 3391 assentiri
2296 3357 2516 3407 nequeo,
2556 3342 2649 3407 qui
2674 3359 2738 3407 p.
2782 3344 2876 3396 66.

626 3415 722 3466 hoc
759 3430 970 3467 carmen
1007 3412 1172 3465 Pauli
1227 3430 1337 3464 esse
1373 3422 1552 3481 negat.
1704 3412 1761 3477 2)
1815 3412 1873 3464 V.
1932 3429 2068 3477 quae
2116 3413 2307 3465 Bauch
2358 3414 2729 3467 dissertatione
2767 3433 2877 3468 sua

615 3504 678 3552 p.
721 3488 809 3537 64.
850 3488 916 3538 de
955 3486 1202 3538 Romana
1240 3486 1482 3551 exposuit
1520 3486 1758 3538 historia.
1838 3484 2023 3551 Neque
2056 3484 2261 3537 Oechsli
2284 3504 2347 3553 p.
2388 3487 2477 3539 58.
2518 3496 2567 3541 et
2602 3487 2875 3555 Droysen,

625 3559 845 3611 Forsch.
897 3559 1019 3622 XV,
1063 3576 1126 3623 p.
1181 3558 1303 3621 175,
1349 3558 1480 3610 mihi
1530 3558 1643 3610 alia
1678 3559 2010 3624 persuadere
2050 3568 2361 3624 potuerunt.
2526 3563 2585 3627 3)
2624 3560 2873 3629 Sivzqulis

625 3633 750 3683 locis
802 3632 931 3684 haec
977 3632 1292 3683 annotanda
1328 3632 1480 3683 duxi.
1630 3631 1691 3699 4)
1730 3630 2033 3683 Bethmann
2077 3650 2140 3698 p.
2183 3634 2307 3685 285.
2360 3633 2637 3701 beniqnius
2688 3635 2758 3686 de
2808 3652 2871 3687 eo

611 3704 888 3773 judicasse
932 3703 1160 3756 videtum.
1249 3704 1434 3771 Neque
1481 3705 1699 3756 Baudio
1750 3705 1810 3756 di
1863 3703 2040 3757 Vesme
2086 3723 2306 3771 prorsus
2354 3708 2601 3759 assentiri
2644 3725 2875 3773 possum

624 3778 846 3831 dicenti:
885 3778 1109 3830 ‘Paulus
1149 3786 1412 3843 spectatae
1447 3778 1660 3829 omnino
1685 3777 1821 3843 fidei
1856 3777 2101 3844 quamvis
2136 3796 2245 3831 non
2281 3796 2484 3845 semper
2518 3779 2647 3833 recti
2668 3781 2878 3849 judicii

623 3850 939 3904 historicus'.
1126 3850 1188 3917 5)
1227 3850 1379 3912 Quae
1415 3851 1583 3901 Dalm
1636 3868 1691 3915 p.
1734 3851 1819 3902 16.
1858 3852 1925 3903 de
1978 3868 2197 3917 operum
2250 3853 2428 3904 indole
2472 3855 2603 3905 dicit
2627 3855 2874 3919 probare

621 3940 840 3989 nequeo.
991 3923 1050 3991 6)
1090 3923 1199 3976 Sed
1253 3932 1556 3975 sanctorum
1605 3924 1878 3975 miraculi-s
1912 3924 2144 3989 firmiter
2193 3926 2435 3977 credidit.
2512 3925 2591 3977 Iis
2636 3944 2779 3991 quae
2816 3929 2867 3994 I,

625 3999 712 4048 26.
760 3997 826 4049 de
871 3996 926 4049 S.
967 3997 1252 4049 Benedicto
1303 3998 1445 4047 canit
1493 3998 1737 4063 conferas
1787 3996 2053 4049 homiliam
2092 3997 2301 4065 (Miyne
2338 4017 2399 4068 p.
2454 4001 2612 4051 1575.
2668 4002 2869 4067 1579):

622 4072 872 4123 Testatur
908 4072 1012 4122 hoc
1051 4072 1195 4137 quod
1233 4070 1466 4136 loquitur
1503 4087 1692 4123 recens
1731 4070 1864 4123 illud
1904 4071 2233 4135 miraculum,
2273 4073 2415 4139 quod
2452 4080 2577 4125 ante
2610 4074 2716 4126 hoc
2754 4076 2869 4127 fere

625 4143 944 4195 decennium
971 4151 1179 4209 gestum
1221 4145 1506 4209 multisque
1544 4144 1777 4196 vestrum
1808 4150 1890 4196 eet
1928 4146 2217 4209 cognitum,
2258 4151 2459 4197 mutum
2498 4147 2711 4199 scilicet
2736 4156 2869 4201 ante

623 4219 738 4269 eius
776 4218 881 4268 hoc
921 4234 1111 4285 corpus
1149 4218 1570 4268 sacratissimum
1608 4217 1773 4269 fuisse
1810 4218 2077 4268 locutum.
2100 4255 2113 4270 .
2134 4256 2148 4269 .
2198 4219 2339 4285 quod
2368 4226 2449 4271 est
2486 4219 2864 4273 admirandum

620 4292 1006 4354 vehementius,
1045 4306 1150 4341 non
1201 4290 1372 4341 solum
1421 4290 1713 4355 loquelam.
1735 4292 2020 4357 propriam,
2071 4291 2175 4341 hoc
2214 4298 2295 4343 est
2344 4293 2640 4357 barbaram,
2684 4298 2871 4363 coepit

624 4364 791 4427 effari,
829 4363 927 4415 sed
964 4361 1123 4414 simul
1162 4364 1323 4413 etiam
1365 4369 1418 4413 et
1455 4364 1722 4414 Latinam.
