2984 4917
691 417 911 469 PAULI
949 419 1300 472 HISTORIA
1338 420 2012 473 LANGOBARDORUM.
2404 425 2468 472 11

221 585 438 652 Paulo
457 598 477 633 ¹
492 588 876 651 recentiores
899 586 1204 652 *tribuere
1215 588 1561 653 voluerunt
1576 598 1598 632 ²
1615 612 1636 651 .·
1661 598 1879 653 noster
1894 599 2057 654 certe
2077 591 2150 655 in
2166 590 2470 657 Historia
2490 621 2499 635 ·
2516 634 2565 673 p,
2600 623 2673 665 20,

223 670 818 757 Lanqobardorum
860 673 949 736 iis
981 694 1141 736 usus
1170 682 1278 735 eet.
1365 672 1501 737 Sed
1542 674 1737 737 etiam
1777 675 1995 773 ‘majus
2040 696 2203 757 opus
2233 674 2467 741 ‘Paulo

221 756 530 836 diacono,
533 752 886 839 familiari
908 755 1208 820 clientulo
1225 758 1465 821 ‘nostro'
1477 777 1598 821 reoe
1611 758 1930 842 injunoeit,
1954 763 2101 843 ‘quo
2114 757 2467 841 tractatus’,

223 848 299 901 ut
329 840 427 903 ait
454 838 730 923 epistola
759 840 979 923 ipsius
1006 841 1266 905 nomine
1306 840 1557 924 scripta
1571 851 1618 921 ³,
1664 846 1877 925 ‘atque
1907 864 2228 907 sermones
2259 843 2465 907 diver-

219 944 444 987 sorum
508 922 971 987 catholicorum
1018 932 1295 1007 patrum
1348 923 1696 1010 perleqens
1756 933 1815 987 et
1874 926 2121 1009 optima
2174 949 2340 1026 quae
2385 950 2465 992 ue

144 1046 152 1055 ·
221 1006 591 1091 decerpens,
635 1008 710 1070 in
755 1007 1008 1072 duobus
1052 1008 1489 1072 voluminibus
1522 1030 1651 1091 per
1692 1010 1888 1073 totius
1934 1011 2106 1074 anni
2146 1032 2327 1074 circu
2355 1034 2465 1076 um

217 1098 645 1174 conyruentes
687 1092 919 1176 cuique
956 1091 1317 1175 festivitati
1373 1092 1675 1156 distincte
1732 1101 1791 1156 et
1847 1092 2084 1179 absque
2137 1094 2319 1160 vitiis
2364 1095 2464 1160 ob-

223 1173 375 1237 tulit
413 1174 751 1239 lectiones’.

397 1309 589 1383 Quod
631 1335 775 1376 cum
820 1313 943 1376 hac
976 1312 1406 1397 praefatione
1447 1316 1592 1399 reqi
1633 1314 2079 1377 transmisit&-

392 1466 659 1532 Summo
704 1468 876 1552 apici
917 1490 1132 1532 rerum
1171 1469 1311 1555 regi
1354 1469 1743 1554 dominoque
1786 1470 2032 1553 potenti

473 1550 610 1615 Dat
649 1549 928 1615 famulus
972 1550 1249 1638 supplex
1290 1551 1489 1617 verba
1531 1550 1807 1637 legenda
1850 1574 2021 1617 suus.

338 1665 348 1675 “
389 1650 628 1738 Ampla
671 1651 828 1715 mihi
870 1662 1080 1718 vestro
1125 1663 1221 1718 est
1262 1652 1489 1717 humili
1534 1653 1792 1718 devotio
1839 1675 2025 1718 servo

389 1737 759 1821 Praeceptis
802 1758 1029 1822 parere
1071 1738 1220 1821 tuis,
1266 1736 1676 1802 celeberrime
1720 1758 1967 1821 regum,

391 1821 603 1899 Quem
647 1818 825 1885 dedit
869 1821 1270 1885 omnicreans
1314 1822 1551 1887 Rector
1590 1822 1929 1886 miseratus
1973 1819 2055 1885 ab
2100 1820 2243 1887 altis

391 1902 844 1968 Christicolum
887 1903 1141 1991 populis
1186 1904 1712 2004 defensoremque
1755 1914 2149 1991 patremque.

394 1988 493 2052 Sit
533 1985 684 2051 licet
727 1988 989 2053 effectus
1032 1989 1306 2053 modicis
1349 2012 1468 2074 pro
1509 1988 1757 2054 vinbus
1801 1988 2009 2074 impar
2023 2000 2068 2071 ⁸,

387 2071 625 2155 Ingens
669 2070 917 2137 ardenti
959 2083 1173 2151 tamen
1216 2082 1313 2138 est
1356 2074 1474 2138 sub
1518 2072 1710 2138 corde
1761 2071 2075 2137 voluntas.

387 2154 492 2218 En
534 2155 707 2219 iutus
724 2156 753 2198 b
796 2158 996 2241 patris
1040 2156 1373 2220 Benedicti
1415 2158 1579 2220 mira
1621 2156 1970 2241 pati-antisse

385 2237 650 2303 Auxilio
694 2241 1065 2326 meritisque
1108 2241 1250 2326 piis,
1293 2240 1616 2325 vestrique
1666 2237 1873 2303 fidelis

389 2321 666 2387 Abbatis
712 2322 1080 2410 dominique
1122 2322 1270 2406 mei,
1315 2323 1435 2387 etsi
1476 2324 1654 2387 iussa
1695 2322 1958 2408 nequivi

390 2404 673 2491 Explere
715 2415 787 2471 ut
829 2405 1093 2493 dignum
1109 2407 1138 2449 ‘¹
1182 2416 1296 2488 est,
1340 2416 1575 2487 tamen,
1621 2425 1658 2469 o
1702 2406 1957 2492 pietatis
1996 2414 2259 2487 amator,

387 2489 640 2575 Excipe
684 2500 1027 2575 gratanter,
1073 2490 1269 2555 decus
1312 2499 1378 2554 et
1417 2489 1709 2555 mirabile
1752 2490 1998 2570 mundi,

213 2688 276 2789 a}
291 2690 355 2787 iata
385 2689 552 2739 βαρείῃ·
583 2689 719 2730 invit.
753 2688 867 2730 Mod.
1018 2687 1066 2739 b)
1100 2689 1246 2729 iustus
1279 2688 1394 2731 Mod.
1549 2688 1591 2741 c)
1624 2689 1916 2739 patrantibus
1950 2688 2063 2728 Mod.
2163 2741 2167 2745 Ι
2202 2686 2249 2739 d)
2286 2688 2457 2729 dictum

269 2760 294 2788 o
327 2779 338 2790 .

219 2918 274 2977 1)
300 2913 541 2967 Talielwc
555 2922 780 2980 tempore
790 2914 959 2979 plane
970 2914 1176 2981 iynotue
1191 2922 1282 2967 eet.
1301 2915 1509 2967 Paulus
1523 2915 1782 2967 diaconus
1800 2913 2193 2981 Neapolitanae
2204 2914 2464 2977 ecclesiae,

213 2988 313 3055 qui
350 2985 487 3038 Acta
511 2986 567 3039 S.
592 2987 806 3038 Mariae
830 2985 1190 3056 Aeyyptiacae
1227 2988 1293 3039 de
1322 2988 1525 3040 Graeco
1563 2987 1621 3039 in
1648 2987 1905 3039 Latinum
1944 2986 2216 3039 transtulit
2249 2987 2464 3052 aliaque

213 3060 448 3126 scripsit,
500 3058 692 3112 Karoli
732 3058 883 3111 C'alvi
921 3069 1146 3126 tempore
1195 3060 1346 3114 eiecit.
1427 3061 1511 3112 De
1547 3077 1649 3126 quo
1700 3062 1769 3127 cf.
1811 3060 2112 3123 Fabricius,
2147 3060 2289 3112 Bibl.
2327 3058 2464 3111 med.

227 3134 291 3195 V,
320 3151 383 3199 p.
414 3135 517 3184 199
559 3132 666 3198 (ecl.
706 3132 856 3184 F'lor.
893 3132 1059 3199 1858)
1072 3150 1090 3194 ,-
1127 3133 1432 3185 Bethmcmn
1458 3151 1523 3199 p.
1553 3134 1677 3185 323.
1753 3133 2024 3185 Posterius
2075 3132 2233 3185 etiam
2255 3132 2465 3184 vixisse

217 3205 436 3259 videtur
485 3206 621 3257 alter
657 3206 865 3258 Paulus
918 3207 1176 3257 diaconus
1217 3204 1547 3269 Cannensis,
1601 3207 1694 3272 qui
1742 3206 1969 3260 codicem
2018 3205 2228 3271 scripsit
2276 3204 2463 3271 epieto-

215 3282 398 3333 larum
449 3279 616 3331 Pauli
662 3278 779 3345 (ap.
816 3278 952 3343 Mai,
991 3278 1176 3344 Spicil.
1221 3278 1280 3342 V,
1307 3297 1372 3345 p.
1403 3278 1605 3341 XXII,
1656 3279 1831 3330 minue
1876 3287 2013 3330 recte
2062 3275 2468 3330 commentarius

214 3351 420 3406 dicitur
455 3352 515 3403 in
550 3352 717 3404 Pauli
751 3352 1042 3419 epistolas),
1082 3369 1133 3403 v.
1182 3351 1339 3415 Toeti,
1378 3352 1522 3403 Hiet.
1567 3351 1747 3403 Oasin.
1787 3351 1835 3417 I,
1864 3369 1927 3417 p.
1959 3351 2083 3402 104.
2268 3352 2323 3416 2)
2368 3348 2469 3401 ob-

193 3426 396 3495 jicitur
450 3426 595 3492 quod
649 3426 707 3476 in
763 3425 916 3477 codd.
970 3425 1243 3477 nonnullis
1301 3425 1507 3476 Paulus
1554 3425 1803 3492 pontifex
1867 3426 1953 3476 vel
2018 3424 2265 3476 sacerdos
2336 3422 2467 3474 dici·

215 3508 339 3560 tur;
379 3498 448 3565 cf.
474 3499 777 3550 Bethmann
811 3516 868 3564 p.
894 3499 1019 3551 321.
1095 3496 1203 3550 Sed
1239 3498 1298 3549 in
1334 3506 1535 3549 vetusto
1573 3499 1665 3549 illo
1694 3496 2005 3549 Monacenei
2039 3497 2178 3549 nihil
2212 3496 2468 3565 eiusmodi

215 3570 432 3640 legitur.
508 3570 580 3622 Et
614 3570 675 3623 in
713 3571 934 3638 antiquo
961 3572 1200 3639 catalogo
1232 3571 1570 3623 bibliothecae
1596 3570 2088 3635 Laureehamensie,
2132 3570 2251 3621 Mai
2277 3568 2461 3636 spicil.
2548 3584 2553 3589 ·

229 3645 292 3709 V,
327 3645 452 3709 193,
492 3645 706 3710 glossae
741 3646 900 3696 Pauli
939 3645 1154 3697 diaconi
1193 3645 1509 3710 afferwntur,
1562 3661 1663 3710 quo
1715 3644 1867 3695 titulo
1920 3651 2329 3710 apte-excerpta
2363 3643 2464 3695 illa

214 3718 454 3769 indicari
481 3725 749 3783 poterant.
831 3718 1014 3785 Neque
1053 3718 1194 3784 quod
1231 3716 1577 3785 neyliyentius
1604 3726 1853 3783 eoecevpta
1877 3719 2055 3783 facta,
2082 3717 2253 3785 multa
2284 3716 2461 3781 defor-

212 3799 365 3843 mata
414 3798 540 3841 eunt
585 3792 670 3843 vel
706 3808 910 3857 parum
961 3792 1225 3843 intellecta
1239 3828 1252 3853 ,
1306 3808 1342 3841 a
1377 3789 1544 3842 Pauli
1590 3790 1799 3857 inqenio
1854 3790 2117 3843 abhorret.
2203 3788 2464 3841 Extrema

213 3863 470 3930 epistolae
505 3863 685 3927 verba,
726 3865 854 3916 haec
891 3865 949 3915 in
980 3864 1292 3930 primordiis
1329 3863 1497 3915 initae
1536 3880 1655 3915 cum
1691 3864 1896 3915 Karolo
1918 3862 2321 3930 familiaritatis
2365 3878 2464 3929 po·

213 3937 401 3991 nenda
445 3953 574 4001 esee,
621 3938 917 3989 oetendwnt.
1089 3939 1145 4002 3)
1181 3934 1301 3987 LL.
1340 3936 1391 4000 I,
1419 3954 1484 4002 p.
1513 3938 1601 3987 44.
1676 3938 1765 3988 Ex
1816 3937 1933 3989 coel.
1984 3934 2254 3987 Oarleruh.
2316 3934 2467 4001 (olim

215 4008 504 4077 Auyienei)
543 4028 586 4063 ε.
627 4008 726 4073 ΙΧ,
766 4027 867 4076 quo
894 4011 1015 4079 jam
1051 4009 1314 4061 Mabillon
1349 4026 1480 4061 usus
1520 4017 1649 4074 erat,
1701 4007 1843 4061 Ann.
1882 4009 2085 4061 Bened.
2124 4008 2206 4072 II,
2246 4026 2311 4074 p.
2340 4008 2465 4073 328,

217 4084 396 4135 denuo
435 4083 519 4136 ed.
545 4082 751 4148 Banke,
797 4083 978 4137 Theol.
1009 4081 1236 4135 Studien
1271 4084 1388 4135 und
1425 4082 1672 4135 Kritiken
1713 4083 1871 4146 1855,
1902 4100 1966 4148 p.
1995 4082 2120 4133 387.
2234 4080 2295 4147 3)
2332 4081 2465 4134 Edi-

218 4158 416 4208 tionem
463 4157 685 4222 paravit
732 4157 1033 4209 Bethmann
1080 4173 1146 4209 ea:
1197 4156 1311 4208 cod.
1350 4153 1993 4224 Batavo-Lugdunenei‚
2054 4154 2199 4207 Voss.
2245 4153 2371 4207 Lat.
2412 4155 2464 4217 4,

217 4232 264 4281 'e-
293 4229 360 4292 X,
401 4237 450 4281 et
475 4229 826 4283 Modoetiensi
865 4228 1226 4296 (Lectionario
1265 4238 1533 4281 caractere
1571 4229 1836 4295 quadrato
1876 4247 1919 4281 ε.
1959 4227 2147 4295 VIII),
2188 4241 2291 4293 quo
2329 4242 2462 4278 usus

221 4310 302 4355 eet
338 4300 504 4366 Frui,
544 4303 702 4356 Mem.
740 4304 799 4356 di
836 4304 1035 4355 Monza
1059 4302 1174 4367 III,
1216 4304 1339 4353 152.
1416 4302 1613 4354 Exstat
1649 4303 1806 4354 etiam
1842 4303 1902 4353 in
1938 4301 2053 4353 cod.
2084 4298 2463 4363 Oarlsruhano,

223 4374 350 4426 olim
387 4374 660 4444 Auyiensi,
699 4394 763 4429 em
801 4394 904 4444 quo
933 4385 1146 4442 partem
1185 4376 1266 4427 eol.
1306 4375 1568 4427 Mabillon
1606 4377 1639 4427 l.
1681 4378 1714 4427 l.
1744 4393 1809 4441 p.
1839 4376 1963 4426 329.
