2984 4917
501 368 723 421 PAULI
759 368 1109 421 HISTORIA
1148 367 1821 423 LANGOBARDORUM.
1899 372 2044 425 LIB.
2084 375 2149 425 V.
2366 374 2469 424 199

217 536 440 603 statim
498 546 644 623 post
697 559 764 602 se
821 557 1116 600 reversus
1180 546 1294 617 est,
1357 538 1619 602 veniens
1668 561 1748 603 ue
1810 538 1895 602 ad
1956 540 2125 623 litus,
2184 543 2468 607 invenire

213 632 562 709 personam
603 641 733 684 non
773 621 1026 769 potuita
1042 668 1058 701 ,
1103 621 1312 705 quaeb
1368 622 1427 685 ei
1473 621 1554 686 de
1660 621 1957 687 rimualdi
2015 634 2219 689 morte
2261 626 2469 691 nunti-

216 708 384 789 avit3
467 704 638 769 unde
701 726 773 768 ar
819 705 1046 768 itratus
1109 713 1230 785 est,
1295 726 1427 768 non
1490 705 1663 770 hunc
1725 706 2083 791 hominem,
2153 709 2266 773 sed
2310 709 2467 775 divi-

212 813 375 855 num
414 790 709 853 nuntium
752 787 969 852 fuisse.
1054 786 1439 873 Exindeque
1458 801 1484 831 0
1526 790 1610 855 ad
1652 792 1927 876 patriam
1982 792 2272 876 tendens,
2320 815 2467 857 cum

218 874 310 937 ad
353 872 630 938 claustra
671 872 894 936 Italiae
937 871 1236 953 venisset,
1282 872 1411 935 iam
1439 872 1533 937 ibi
1580 877 1795 939 omnia
1839 876 2147 961 obsequia
2187 876 2469 962 palatina

215 979 477 1023 omnem
524 957 643 1020 ued
683 956 932 1040 regiam
975 954 1351 1040 dignitatem
1413 978 1560 1020 cum
1614 980 1851 1045 magna
1890 958 2466 1045 Langobardorum

214 1040 476 1106 multitu
521 1041 625 1105 ine
643 1051 666 1082 ⁸
725 1048 1191 1125 praeparatam,
1251 1040 1358 1103 ses
1413 1062 1528 1126 rep
1578 1044 1699 1107 erit
1752 1044 2081 1129 expectari
2097 1055 2144 1105 8.
2239 1045 2466 1131 Itaque

213 1127 520 1193 Ticinum
561 1145 876 1205 reversus,
921 1122 1256 1187 exturbato
1303 1123 1547 1189 Gariba
1572 1126 1701 1190 doh
1743 1126 2009 1212 puerulo
2040 1149 2079 1191 a
2119 1150 2338 1227 regno,
2382 1128 2465 1194 ab

210 1210 528 1275 universis
580 1206 1026 1291 Langobardis
1075 1228 1294 1271 mense
1348 1209 1537 1273 tertio
1589 1219 1735 1295 post
1788 1221 2059 1276 mortem
2106 1210 2464 1276 Gnmualdi

211 1297 283 1359 in
324 1314 596 1391 regnum
637 1289 886 1356 levatus
923 1301 1038 1355 est.
1123 1290 1284 1355 Erat
1323 1302 1541 1357 autem
1570 1295 1673 1357 vir
1713 1296 1879 1381 pius,
1923 1294 2052 1359 fide
2096 1295 2462 1379 catholicus,
2482 1320 2583 1360 672.

212 1378 496 1443 iustitiae
523 1385 718 1441 tenax
760 1396 1248 1461 pauperumque
1288 1374 1384 1439 lar
1433 1377 1686 1441 ’ssimus
1715 1379 2003 1443 nutritor.
2078 1380 2209 1461 Qui
2251 1382 2464 1446 statim

209 1463 656 1527 Beneventum
721 1460 896 1523 misit
946 1458 1340 1545 exindequei
1444 1459 1853 1525 odelindamk
1896 1484 2079 1527 suam
2122 1464 2463 1549 coniugem

210 1557 282 1612 et
324 1545 575 1611 Cuninc
625 1544 861 1607 ertum¹
903 1542 1104 1606 filium
1149 1556 1396 1607 suum¹¹¹
1438 1546 1781 1610 revocavit.

385 1630 521 1693 *34.
568 1567 735 1708 &uin
779 1636 852 1691 ut
893 1627 1075 1712 regni
1115 1627 1258 1690 iura
1287 1628 1588 1713 suscepit,
1633 1632 1704 1694 in
1744 1629 1888 1694 loco
1932 1628 2039 1694 illo
2071 1631 2182 1715 qui
2217 1652 2257 1694 a
2283 1639 2463 1715 parte
2487 1651 2561 1703 η».
2597 1651 2697 1698 15⁶.

209 1713 498 1777 fluminis
543 1711 757 1775 Ticini
813 1720 909 1776 est
923 1722 970 1792 ⁰,
1033 1710 1206 1775 unde
1261 1712 1399 1809 ipse
1459 1712 1610 1776 olim
1660 1713 1937 1799 fugerat,
2009 1715 2461 1778 monasterium

213 1795 394 1883 quod
427 1796 686 1860 Novum
724 1793 1084 1880 appellatur
1112 1796 1439 1859 Dommol'
1471 1806 1535 1861 et
1575 1796 1900 1862 liberatori
1930 1820 2045 1862 suo
2074 1800 2145 1862 in
2184 1798 2463 1864 honore‘l

211 1890 472 1947 sanctae
515 1880 784 1965 virginis
829 1888 894 1942 et
935 1879 1269 1965 martyrisr
1309 1878 1642 1964 Agathae⁸
1690 1883 2049 1947 construxit
2068 1895 2108 1946 ¹.
2213 1883 2293 1946 In
2336 1905 2462 1968 quo

211 1964 448 2030 multas
506 1963 789 2049 virgines
832 1962 1214 2047 adgregavit
1240 1962 1561 2048 rebusque
1593 1974 1657 2028 et
1673 1969 1692 2006 t
1740 1965 2012 2029 diversis
2043 1966 2285 2051 pariter
2314 1989 2463 2031 eun-

212 2050 362 2115 dem
390 2047 606 2113 locum
649 2047 1034 2111 ornamentis
1078 2046 1324 2111 ditavit.
1411 2048 1663 2133 Regina
1704 2070 1856 2113 vero
1871 2061 1901 2091 ¹¹
1933 2050 2069 2114 eius
2105 2048 2465 2115 Rodelinda

210 2132 546 2201 basilicam
589 2141 874 2196 sanetaev
920 2130 1050 2194 Dei
1091 2131 1420 2215 genitricis
1472 2140 1655 2195 extra
1710 2154 1926 2196 muros
1985 2133 2273 2197 eiusdem
2315 2134 2463 2198 civi-

209 2218 362 2283 tatis
404 2217 789 2296 Ticinensis,
843 2236 1006 2313 quae
1048 2213 1156 2278 Ad
1196 2216 1471 2299 perticas
1514 2214 1890 2300 appellatur,
1953 2237 2145 2300 opere
2188 2216 2465 2281 mirabili
2541 2253 2548 2260 ·

210 2300 502 2366 condidit
525 2308 1039 2384 ornamentlsque
1061 2298 1347 2362 mirificis
1371 2298 1719 2363 decoravit.
1776 2298 1885 2363 Ad
1904 2302 2183 2385 perticas
2206 2310 2464 2365 autem*
2486 2326 2500 2350 x

113 2448 118 2453 .
210 2386 395 2450 locus
438 2385 610 2473 ipse¹
651 2384 796 2448 ideo
841 2383 1093 2465 dicitur,
1139 2383 1290 2468 quia
1317 2382 1411 2447 ibi
1455 2381 1606 2445 olim
1648 2384 1950 2469 perticae,
1992 2383 2062 2447 id
2092 2392 2189 2447 est
2230 2384 2463 2467 trabes,
2502 2392 2513 2469 '¹3

212 2479 465 2535 erectae
509 2475 829 2548 steterant,
917 2488 1038 2530 uae
1070 2465 1152 2530 ob
1184 2465 1348 2529 hanc
1395 2488 1659 2531 causam
1700 2468 1883 2531 iuxta
1924 2490 2169 2533 morem
2210 2467 2464 2553 Lango-
2507 2472 2511 2485 ⁶

213 2553 566 2621 bardorum
669 2552 776 2615 oni
819 2572 887 2614 so
916 2549 1132 2615 ebant:
1183 2551 1286 2614 siY
1341 2551 1485 2635 quis
1531 2552 1702 2615 enim
1743 2552 1810 2614 in
1852 2550 2171 2651 aliquamz
2215 2560 2463 2638 partem
2506 2505 2513 2581 ἰ

209 2645 324 2703 aut
379 2638 448 2700 in
503 2575 670 2701 belllo
723 2644 838 2698 aut
881 2634 1484 2721 quomodocumque
1530 2636 1848 2700 extinctus
1898 2634 2155 2718 fulsset,
2201 2658 2463 2701 consan-
2508 2582 2549 2677 ὃ

215 2722 438 2809 guinei
481 2722 618 2784 eius
660 2720 828 2783 intra
872 2716 1252 2804 sepulchraa
1295 2740 1414 2783 sua
1454 2720 1767 2805 perticam
1809 2719 1851 2782 fi
1903 2720 2115 2803 ebant,
2166 2720 2234 2784 in
2278 2720 2463 2785 cuius

213 2806 580 2871 summitate
643 2802 1006 2869 columbam
1059 2825 1144 2867 ex
1185 2800 1230 2865 li
1325 2824 1361 2866 o
1411 2803 1649 2869 factam
1692 2825 1860 2889 pone
1908 2814 2037 2885 ant,
2101 2825 2267 2890 quae
2311 2802 2462 2868 illuc

216 2910 408 2956 versa
451 2888 678 2969 essetb,
723 2887 878 2952 ubic
919 2885 1174 2951 illorum
1219 2824 1490 2951 ffiectus
1550 2888 1822 2969 obisset,
1882 2887 2127 2953 scilicet
2183 2897 2256 2952 ut
2312 2888 2464 2952 sciri

211 2974 420 3061 possit
432 2974 479 3055 d,
521 2974 592 3035 in
635 2982 870 3070 quam⁰
912 2980 1161 3056 partem
1188 2968 1288 3033 his
1320 2971 1431 3054 qui
1471 2970 1809 3035 defunctus
1836 2970 2047 3035 fuerat
2087 2974 2465 3056 quiesceret.

386 3058 487 3121 35.
557 3056 768 3140 Ig1tur
780 3055 1114 3136 Perctarit,
1134 3075 1282 3117 cum
1305 3052 1476 3117 solus
1492 3076 1609 3138 per
1630 3076 1828 3118 annos
1850 3064 2097 3139 septem
2115 3064 2465 3139 regnasset,

215 3219 264 3273 a)
297 3223 478 3271 poterat
508 3218 550 3259 A
580 3215 641 3258 ·8.
790 3213 839 3268 b)
871 3218 951 3266 qul
979 3217 1034 3256 F.
1067 3215 1123 3257 G.
1276 3213 1318 3267 c)
1352 3226 1442 3263 que
1488 3217 1603 3255 deest
1649 3217 1690 3256 A
1724 3219 1765 3259 2.
1918 3215 1966 3269 d)
2001 3227 2233 3266 omneque
2266 3215 2307 3256 G
2341 3218 2381 3260 1.
2416 3218 2462 3258 2.

215 3279 262 3331 e)
297 3279 643 3319 multitudinem
690 3276 725 3318 G
759 3278 800 3319 1.
833 3277 872 3317 2.
907 3276 948 3316 G
979 3276 1020 3317 3.
1053 3276 1095 3314 4.
1244 3273 1279 3325 f)
1315 3285 1414 3315 esse
1463 3274 1514 3315 C.
1545 3276 1589 3314 Η
1621 3276 1693 3316 5ο..
1736 3277 1760 3315 Ι
1794 3277 1835 3316 1.
1871 3276 1927 3325 2;
1973 3287 2146 3315 erasum
2176 3276 2218 3314 D
2255 3278 2303 3326 ις
2350 3276 2463 3315 deest

212 3342 258 3380 D
294 3341 366 3379 Ia.
401 3338 441 3377 2.
475 3333 566 3378 Ἔα..
600 3336 642 3378 3.
676 3337 716 3375 4.
750 3335 848 3376 12¹5.
879 3335 983 3375 111.
1077 3332 1122 3385 g)
1155 3336 1400 3384 expectare
1430 3333 1471 3373 A
1506 3335 1545 3373 2.
1577 3336 1621 3374 D
1653 3334 1698 3386 (1
1733 3346 1754 3373 e
1783 3332 1946 3385 corr.);
1994 3336 2227 3384 exportari
2257 3334 2295 3373 F
2328 3336 2369 3375 1.
2407 3335 2463 3385 43

211 3397 419 3449 perctari
465 3396 507 3437 G
537 3396 591 3445 ὃς
638 3406 676 3436 ι·.
708 3394 890 3434 Exinde
921 3392 1218 3445 Perctarioh)
1251 3393 1467 3432 Ticinum
1515 3393 1565 3434 O.
1616 3394 1639 3432 Ι
1672 3396 1724 3444 1;
1769 3394 1954 3433 Exlnde
2001 3394 2158 3442 itaque
2188 3393 2462 3434 Boi-tarmus

211 3458 314 3498 Tic.
349 3456 412 3496 ed.
446 3455 574 3495 Lina.
606 3457 698 3495 cett.
819 3451 867 3504 h)
902 3451 1172 3493 Grimbaldo
1204 3451 1242 3490 F
1276 3453 1325 3501 13
1358 3453 1631 3492 exturbaldo
1662 3465 1709 3502 p.
1742 3452 1840 3492 G2.
1877 3475 1928 3483 -
1960 3462 2106 3502 puero
2139 3448 2253 3493 c·1.
2289 3455 2328 3493 1.
2366 3452 2462 3494 Gl.

209 3515 248 3567 i)
283 3524 375 3565 que
404 3514 515 3553 deest
544 3514 596 3555 F.
632 3512 687 3555 G.
721 3512 778 3553 H.
813 3513 836 3552 Ι
870 3512 922 3562 25
965 3514 1012 3551 et
1041 3511 1212 3552 exinde
1244 3522 1265 3549 e
1294 3521 1408 3551 corr.
1445 3510 1486 3551 G
1521 3512 1559 3562 2,
1592 3517 1629 3550 et
1659 3513 1723 3551 ita
1760 3511 1801 3553 G
1832 3510 1873 3553 5.
1992 3508 2042 3561 k)
2072 3511 2237 3553 Rodol.
2270 3510 2311 3551 G
2343 3514 2383 3552 1.
2421 3512 2461 3551 2.

213 3597 270 3606 -
301 3584 435 3614 suam
465 3574 577 3611 deest
607 3573 658 3611 F.
693 3571 734 3612 G
765 3572 805 3612 2.
838 3570 880 3611 3.
999 3568 1035 3621 l)
1067 3571 1130 3609 ita
1160 3568 1202 3609 A
1236 3567 1292 3608 1?
1321 3570 1359 3608 F
1394 3572 1442 3619 13
1475 3570 1779 3610 cunibertum
1809 3571 1850 3610 D
1884 3570 1935 3619 ὃς
1979 3569 2311 3611 chunibertum
2342 3570 2383 3609 D
2418 3572 2461 3612 2.

212 3630 280 3685 m)
312 3633 423 3672 deest
453 3631 496 3670 A
530 3633 569 3671 2.
603 3627 666 3672 ’3.
788 3627 838 3682 n)
872 3630 973 3677 Quo
1015 3630 1053 3668 F
1088 3630 1128 3669 1.
1251 3625 1296 3680 o)
1329 3630 1439 3668 deest
1473 3628 1515 3668 G
1548 3631 1587 3670 1.
1619 3630 1661 3671 2.
1783 3628 1831 3681 p)
1860 3629 1971 3668 deest
2004 3628 2045 3669 G
2076 3629 2118 3669 3.
2240 3627 2288 3681 q)
2320 3629 2462 3669 hono·

213 3702 314 3733 rem
345 3690 386 3730 A
419 3690 459 3730 3.
490 3690 532 3731 5.
567 3690 602 3731 0
637 3691 675 3731 1.
709 3690 746 3728 13·
780 3691 821 3730 1.
856 3687 897 3728 G
930 3690 970 3730 1.
1006 3687 1046 3728 3.
1080 3688 1124 3728 4.
1146 3688 1336 3727 —in—
1357 3688 1612 3727 construxit
1643 3689 1731 3727 des.
1765 3687 1807 3726 A
1837 3688 1880 3728 4.
2003 3685 2043 3738 r)
2078 3691 2310 3739 martyrae
2343 3686 2385 3727 A
2418 3689 2460 3729 1.

212 3752 249 3793 G
282 3748 354 3801 ⁸13
387 3750 564 3789 Mariae
597 3748 631 3788 C
651 3750 701 3797 13
733 3748 852 3795 virg.
885 3747 1062 3787 Max-lae
1094 3750 1140 3787 et
1171 3757 1230 3787 m.
1261 3744 1318 3787 A.
1353 3745 1479 3787 G5c.
1572 3745 1612 3800 s)
1644 3747 1837 3795 Agathis
1869 3742 1989 3788 A·3‚
2080 3744 2115 3798 t)
2148 3748 2259 3787 deest
2290 3747 2340 3788 0.
2371 3747 2459 3787 11.

211 3808 263 3863 u)
296 3820 417 3849 uxor
440 3812 541 3858 post
571 3807 671 3849 add.
701 3807 739 3846 F
774 3808 812 3846 1.
934 3805 980 3858 v)
1013 3806 1124 3845 deese
1156 3804 1214 3846 G.
1335 3802 1398 3856 w)
1431 3805 1543 3844 deest
1576 3804 1617 3845 G
1648 3806 1689 3847 3.
1811 3802 1861 3857 x)
1892 3806 1979 3845 iste
2011 3806 2048 3844 F
2082 3808 2120 3847 1.
2241 3804 2289 3858 y)
2322 3804 2372 3845 Si
2408 3828 2459 3836 —

214 3870 452 3920 ponebant
482 3867 530 3907 in
558 3877 694 3916 maa-q.
719 3870 822 3915 poet
851 3866 990 3915 suppl.
1022 3866 1059 3904 F
1093 3866 1132 3916 1,
1163 3864 1250 3904 des.
1282 3865 1320 3904 P
1352 3863 1393 3903 5.
1528 3862 1571 3915 z)
1607 3864 1765 3913 aliqua
1796 3868 1927 3914 parte
1958 3865 2000 3904 D
2036 3865 2080 3905 3.
2111 3865 2149 3904 F
2183 3867 2205 3905 1
2239 3866 2287 3905 in
2316 3864 2459 3913 suppl.

213 3925 261 3980 a)
295 3926 592 3977 sepulchrum
637 3927 678 3966 A
712 3926 760 3974 13
805 3925 1090 3974 sepulturam
1121 3934 1255 3963 suam
1289 3922 1330 3963 G
1361 3922 1403 3965 5.
1554 3920 1601 3973 b)
1635 3933 1736 3963 esse
1781 3924 1817 3963 F
1854 3924 1893 3963 1.
2044 3921 2085 3974 c)
2120 3923 2201 3963 ubi
2234 3945 2287 3955 -
2318 3922 2465 3971 possit

211 3987 298 4029 deo.
332 3987 374 4025 D
410 3987 478 4026 la.
572 3982 618 4035 d)
651 3987 809 4035 posset
837 3985 875 4024 B
911 3985 981 4027 la.
1013 3982 1202 4025 G3-5.
1234 3984 1316 4024 11.
1353 3984 1392 4035 2,
1425 3980 1527 4031 αὶίἰς
1557 3986 1746 4031 possent
1775 3978 1890 4022 ists.
1994 3981 2039 4035 e)
2073 3993 2165 4032 qua
2194 3984 2323 4031 parte
2354 3981 2396 4019 D
2418 3980 2461 4021 3.

219 4120 274 4183 1)
324 4116 679 4169 Ticinensium
716 4131 893 4167 rerum
930 4114 1208 4179 scriptores
1246 4114 1308 4164 ob
1349 4130 1466 4165 eam
1505 4129 1724 4165 oausam
1768 4130 1811 4166 ε.
1848 4111 2047 4180 viryini
2085 4108 2328 4179 Aqatkae
2367 4127 2460 4161 sa·

217 4208 364 4243 crum
402 4190 497 4242 hoc
535 4190 780 4255 templum
817 4206 853 4238 a
894 4186 1182 4239 Bertarido
1230 4194 1595 4238 constructum·
1616 4187 1828 4253 ferunt,
1880 4185 2022 4253 quod
2058 4190 2201 4235 nocte
2231 4199 2458 4249 praece-

214 4265 370 4316 dente
393 4264 595 4329 festum
639 4262 868 4331 ejusdem
906 4278 949 4314 ε.
997 4258 1220 4328 virqiwis
1268 4277 1364 4325 per
1413 4259 1643 4311 civitatis
1692 4257 1900 4311 moenia
1947 4275 1973 4311 e
2036 4255 2247 4324 reqione
2288 4254 2458 4307 amnis

214 4336 474 4390 demissus
516 4335 813 4388 Grimoaldi
835 4336 1088 4402 furorem
1125 4333 1486 4387 declinaverit.
1568 4335 1663 4383 ΒΙ.
