2984 4917
583 373 651 422 42
1038 372 1257 423 PAULI
1297 370 1645 425 HISTORIA
1683 370 2355 426 LANGOBARDORUM.

583 540 786 604 sancti
848 540 1024 604 Petri
1083 539 1167 604 ad
1224 537 1503 603 Vincula
1560 537 1627 604 S.
1686 538 1765 603 R.
1822 560 1877 602 e.
1946 537 2316 622 cardinalis;
2382 539 2695 626 descripsi
2750 550 2821 604 ut

580 622 761 688 vides
804 622 1063 688 confuse
1109 624 1174 686 in
1202 621 1594 686 Bunneccha
1638 643 1719 707 op
1768 620 1875 686 ido
1905 621 2144 687 Norico
2189 623 2475 687 eiusdem
2504 623 2816 690 ecclesiae

379 715 461 770 '1³-
490 708 986 772 41·Brixinensis
1015 727 1182 770 anno
1216 709 1238 736 *
1261 706 1442 771 1460.
1489 704 1594 769 die
1624 705 1684 771 8.
1716 644 1958 791 Xprilis
1988 705 2239 771 absolvi
2268 706 2412 771 Deo
2456 709 2696 792 gratias
2725 707 2820 771 Io.

580 814 680 856 an.
728 792 985 856 Indices
1029 789 1218 873 nulli,
1263 812 1467 874 neque
1508 793 1735 875 capita
1787 790 2307 876 distinyuuntur.
2394 792 2822 856 Brioeinensis

577 875 686 941 ille
730 877 931 941 codem
973 877 1194 938 utrum
1237 876 1592 938 etiamnum
1635 882 1849 954 exstet,
1896 883 2287 960 compertum
2328 898 2461 940 non
2492 875 2822 940 habemus.

750 958 888 1047 (92)
933 958 1097 1021 110.
1200 958 1655 1022 Vaticanus
1724 957 2081 1022 Urbinas
2125 959 2251 1022 Nr.
2311 958 2461 1040 984,
2518 959 2723 1023 chart.
2770 982 2825 1022 s.

581 1044 736 1124 XV,
793 1065 874 1106 ex
935 1041 1136 1106 altero
1208 1041 1517 1106 Urbinate
1546 1041 1687 1104 'Nr.
1715 1041 1861 1122 413,
1909 1043 2025 1126 qui
2054 1043 2205 1127 jam
2248 1043 2599 1123 intercidit,
2646 1051 2825 1106 cata-

579 1126 725 1213 loyo
756 1135 902 1190 teste
933 1127 1320 1210 descriptus.
1371 1124 1531 1190 Cum
1564 1125 1644 1187 lb
1674 1126 1749 1189 id
1779 1124 1965 1190 habet
1994 1147 2344 1207 commune,
2376 1128 2551 1210 quod
2572 1127 2825 1191 indices

581 1211 812 1274 desunt
854 1233 932 1274 ne
979 1233 1057 1273 ue
1115 1210 1340 1295 capita
1398 1209 1899 1290 discernuntur,·
1952 1219 2299 1295 praeterea
2341 1209 2638 1274 lectiones
2680 1213 2822 1275 sin-

580 1293 775 1381 yulae
835 1317 877 1357 a
989 1293 1327 1358 ethmanno
1377 1302 1677 1357 enotatae
1720 1293 1894 1356 hunc
1939 1296 2001 1358 ei
2042 1293 2253 1358 locum
2299 1294 2681 1358 attribuunt.

749 1377 886 1463 (93)
932 1379 978 1442 I
995 1376 1054 1439 2.
1140 1377 1315 1439 Bru
1335 1375 1731 1440 wellensis
1771 1377 1899 1440 Nr.
1945 1375 2134 1458 8244,
2179 1378 2329 1442 olim
2370 1377 2825 1442 Korssendon-

579 1464 797 1528 kanus
826 1462 994 1526 dioc.
1023 1461 1414 1546 Bruqensis,
1446 1461 1651 1524 chart.
1700 1483 1761 1524 a.
1812 1460 1995 1541 1489,
2041 1462 2157 1546 qui
2197 1461 2426 1526 Bedae
2471 1461 2827 1526 historiam

579 1546 946 1632 Anqlorum
969 1557 1009 1626 ¹,
1066 1542 1412 1608 Aretinum
1472 1545 1552 1608 de
1602 1543 1760 1608 bello
1807 1541 2097 1624 Gothico,
2151 1545 2518 1611 Historiam
2560 1543 2827 1630 Lanyo-

580 1630 937 1695 bardorum
980 1639 1038 1693 et
1076 1627 1314 1695 Jacobi
1357 1629 1436 1692 de
1481 1628 1767 1692 Vitriaco
1800 1628 2170 1693 Historiam
2202 1627 2578 1694 orientalem
2620 1631 2829 1692 conti--

580 1724 704 1777 net.
790 1713 991 1778 Pauli
1045 1722 1255 1776 temtus
1312 1713 1485 1776 inter
1528 1710 1590 1774 A
1638 1710 1695 1777 C
1729 1721 1785 1775 et
1830 1709 1890 1775 G
1926 1711 2233 1796 fluctuat,
2294 1713 2375 1776 ab
2429 1713 2475 1776 I
2480 1712 2543 1774 ·1
2604 1721 2827 1776 tamen

581 1799 900 1864 diversus.
988 1796 1246 1861 Indices
1292 1795 1465 1859 nulli
1477 1817 1503 1878 ,·
1566 1796 1794 1880 capita
1840 1795 1917 1858 de
1962 1818 2082 1861 suo
2127 1796 2438 1861 distinxit
2479 1795 2827 1860 librarius.

750 1882 890 1966 (94)
935 1881 981 1944 I
1001 1880 1060 1944 3.
1146 1879 1673 1944 Parisiensis
1732 1879 1856 1942 Nr.
1905 1877 2092 1960 5315,
2158 1878 2588 1960 Colbertinus,
2648 1879 2827 1962 olim,

580 1975 651 2028 ut
708 1964 1000 2046 videtur,
1059 1962 1488 2044 Arelatensis,
1546 1963 1801 2028 membr.
1847 1985 1899 2026 s.
1944 1963 2058 2030 XI.
2105 1985 2205 2027 ex.
2241 1963 2373 2049 fol.
2429 1963 2583 2027 Post
2640 1963 2827 2027 Vitas

579 2058 956 2113 sanctorum
999 2057 1056 2111 et
1115 2047 1420 2111 Victorem
1480 2045 1795 2111 Vitensem
1840 2047 2207 2112 Historiam
2252 2049 2535 2113 continet
2561 2045 2829 2132 Lanyo-

578 2133 951 2214 bardorum,
1006 2133 1080 2196 in
1136 2153 1271 2215 qua
1329 2130 1394 2212 V,
1443 2129 1541 2193 16.
1587 2130 1971 2216 (perempta)
2017 2131 2337 2196 librarius
2381 2131 2703 2196 calamum
2750 2134 2830 2196 in

577 2217 806 2296 media,
844 2217 1118 2302 paqina
1191 2216 1514 2300 deposuit.
1622 2214 2159 2278 Additamentum
2222 2215 2569 2300 peculiare
2634 2214 2829 2279 habet

579 2301 707 2382 III,
752 2300 828 2382 8,·
877 2307 1268 2385 arqumenta
1313 2297 1643 2383 capitibus
1673 2298 2127 2384 praescribere
2173 2301 2400 2384 coepit,
2447 2320 2562 2364 nec
2606 2307 2829 2362 tamen

578 2387 650 2448 in
706 2384 823 2448 hoc
881 2382 1152 2448 consilio
1217 2381 1396 2445 ultra
1451 2382 1735 2446 medium
1787 2382 2029 2446 librum
2082 2382 2137 2446 I.
2191 2383 2499 2468 perstitit.
2602 2381 2827 2447 Lectio

580 2468 767 2532 modo
815 2468 904 2530 ad
945 2466 1195 2531 codices
1239 2466 1300 2528 A
1343 2466 1531 2530 modo
1578 2466 1669 2530 ad
1714 2464 1774 2529 G
1819 2468 2085 2532 accedit.

695 2593 698 2596 -
751 2549 889 2636 (95)
932 2548 1094 2613 13³.
1182 2549 1810 2630 Avenionensis,
1856 2550 2074 2614 Musei
2120 2548 2507 2629 Calvetiani,
2563 2549 2826 2613 membr.

581 2657 631 2698 s.
674 2634 861 2698 XIII.
905 2633 1175 2697 Praeter
1219 2630 1501 2696 Paulum
1544 2642 1603 2696 et
1660 2633 1966 2698 Victorem
2026 2634 2333 2698 Vitensem
2378 2636 2572 2698 etiam
2614 2633 2826 2698 Euse-

583 2719 676 2782 bii
717 2719 1062 2782 historiam
1105 2716 1605 2782 ecclesiasticam
1650 2740 1693 2780 a
1736 2716 1983 2799 Rufino
2026 2717 2423 2782 translatam
2466 2725 2524 2779 et
2572 2715 2830 2783 Cassio-

584 2803 734 2866 dori
776 2802 1117 2866 historiam
1160 2800 1567 2886 tripartitam
1618 2799 2075 2887 complectitur.
2170 2801 2253 2865 In
2304 2800 2535 2866 iisdem
2584 2802 2833 2866 desinit

581 2887 789 2950 verbis
836 2909 913 2950 ac
961 2885 1006 2948 I
1023 2883 1103 2966 3,·
1149 2884 1233 2968 cf.
1278 2883 1478 2952 Arch.
1536 2883 1670 2966 VII,
1704 2908 1783 2970 p.
1828 2883 1972 2948 209.

751 2967 888 3057 (96)
935 2968 1106 3033 13¹³.
1196 2966 2069 3053 Gratianopolitanus
2112 2968 2235 3031 Nr.
2277 2967 2422 3048 338,
2479 2966 2629 3032 olim
2667 2966 2829 3034 Car-

579 3054 1035 3118 thusianorum
1079 3051 1362 3137 ejusdem
1415 3052 1620 3134 urbis,
1664 3053 1918 3117 membr.
1963 3074 2015 3116 s.
2060 3051 2247 3116 XIII.
2334 3051 2435 3115 De
2479 3072 2606 3135 quo
2651 3051 2831 3116 nihil

580 3160 716 3203 com
766 3147 971 3202 ertum
1022 3137 1330 3200 habemus
1382 3145 1657 3220 praeter
1698 3137 1874 3221 quod
1916 3137 2130 3200 eodem
2174 3135 2497 3200 volumine
2554 3135 2831 3202 Orosius

580 3232 637 3286 et
693 3162 902 3287 {ictor
955 3220 1227 3285 Vitensis
1270 3229 1528 3283 eaestant
1572 3219 1882 3302 (Haenel,
1933 3218 2141 3284 Catal.
2172 3243 2252 3305 p.
2300 3218 2475 3298 169).

716 3327 722 3335 ·
749 3303 886 3452 297)
919 3304 1063 3370 Kl.
1108 3303 1740 3384 Londiniensis,
1772 3304 1989 3367 Musei
2017 3303 2407 3368 Britannici
2434 3303 2562 3366 Nr.
2596 3300 2827 3382 14092,

581 3413 643 3452 a.
671 3389 748 3454 18
793 3390 852 3452 3.
897 3397 1202 3474 emptus²,
1249 3387 1400 3452 olim
1408 3384 1706 3471 fortasse
1752 3387 2184 3466 Vi'centinus3,
2228 3386 2481 3450 membr.
2515 3409 2567 3453 s.
2591 3385 2731 3450 XV.
2763 3383 2828 3466 8,

578 3495 719 3536 una
761 3494 966 3536 manu
1012 3471 1252 3536 Italica
1293 3480 1641 3553 eoearatus,
1701 3493 1869 3555 quae
1927 3475 2125 3536 varia
2172 3492 2377 3570 opera
2419 3469 2630 3534 Paulo
2674 3469 2827 3534 sub-

563 3557 728 3642 jecit
743 3557 787 3619 ⁴.
873 3554 1062 3619 Libri
1103 3577 1236 3618 non
1283 3554 1806 3640 distinyuuntu-r,
1838 3553 2055 3641 plura
2102 3562 2485 3620 omittuntur
2525 3552 2689 3637 (III,
2719 3550 2829 3616 25.

587 3745 642 3810 1)
680 3743 873 3796 Exstat
909 3745 964 3796 in
1004 3744 1057 3795 B
1096 3745 1160 3806 2‚·
1198 3743 1452 3796 Aretinus
1490 3745 1549 3794 in
1586 3741 1637 3794 A
1676 3738 1760 3795 2¹³.
1912 3742 1970 3809 2)
2012 3744 2341 3797 ‘Purchased
2394 3751 2449 3795 at
2498 3745 2583 3796 the
2618 3744 2729 3796 sale
2766 3745 2843 3810 of

581 3818 665 3868 the
704 3816 960 3869 Saibante
993 3817 1104 3868 and
1144 3816 1460 3884 Gianfilippi
1497 3833 1621 3869 mss.
1660 3825 1716 3867 at
1751 3816 1931 3881 Paris,
1968 3817 2096 3870 Jan.
2124 3817 2253 3869 Feb.
2310 3817 2467 3880 1843,
2518 3817 2640 3869 Lat.
2679 3816 2832 3868 440'.

583 3887 711 3942 Ideo
750 3890 890 3942 idem
930 3907 1040 3942 esse
1079 3889 1304 3954 videtwr,
1344 3907 1498 3956 quem
1533 3890 1765 3942 marchio
1808 3889 2125 3958 Gianfilippi
2175 3890 2487 3946 Veronensis
2525 3907 2567 3942 s.
2605 3889 2673 3940 X.
2712 3904 2835 3942 esse

567 3963 839 4030 jactabam
877 3980 926 4015 v.
966 3961 1126 4014 Arch.
1159 3964 1220 4027 V,
1249 3980 1313 4031 p.
1341 3964 1448 4012 620
1474 3980 1530 4015 n.
1541 3981 1559 4024 ‚-
1597 3961 1733 4028 XII,
1762 3979 1823 4028 p.
1854 3963 1978 4014 655.
2130 3964 2187 4028 3)
2233 3963 2387 4025 Quod
2412 3963 2664 4030 conjicere
2700 3961 2831 4014 licet

581 4053 645 4088 eae
680 4034 1111 4103 inscriptionibus
1148 4035 1315 4088 Pauli
1364 4036 1623 4102 subiectis,
1674 4051 1813 4102 quae
1862 4036 2108 4088 inventae
2158 4043 2337 4088 erant=
2393 4039 2451 4088 in
2498 4036 2620 4088 loco
2669 4037 2833 4102 putei

581 4125 745 4178 prope
785 4109 1168 4161 Forumiulium
1219 4111 1334 4175 agri
1372 4109 1610 4161 Vicetini
1659 4112 1713 4160 in
1768 4108 2001 4176 quadam
2042 4109 2219 4174 domo,
2271 4111 2328 4161 in
2377 4109 2499 4161 loeo
2550 4110 2833 4174 Acignani

580 4183 1819 4321 Effigifisdem,gizosticsffiqinhsuburbz·
1854 4184 2086 4234 civitatis
2133 4185 2379 4307 Vigetiae
2430 4189 2555 4307 αιιῗ
2594 4185 2835 4249 portam.

838 4293 851 4307 .
1169 4263 1354 4308 istoria
1452 4263 1504 4307 ot
1540 4271 1690 4306 orum
1799 4274 1817 4306 ι
1885 4267 2137 4307 anorum·
2253 4255 2441 4308 istoria
2540 4267 2833 4307 rancor-um

580 4357 654 4367 -—
695 4331 867 4391 1356,·
927 4328 1209 4396 Cataloqus
1261 4346 1442 4397 requm
1487 4273 2039 4395 Francorumspusque
2092 4289 2165 4380 a'd
2207 4328 2503 4381 Johoennem
2541 4328 2614 4382 II
2618 4345 2636 4390 ‚·
2697 4323 2837 4377 Vita
