2984 4917
520 378 742 431 PAULI
779 377 1132 431 HISTORIA
1169 378 1838 432 LANGOBARDORUM.
1917 380 2060 433 LIB.
2100 383 2163 433 V.
2381 382 2480 431 181

240 548 436 628 enim,
482 569 629 611 eum
672 546 1233 612 clementissimum
1270 569 1428 612 esse.
1514 548 1722 633 Igitur
1764 570 1910 611 cum
1953 548 2037 611 ad
2077 547 2484 613 Laudensem

240 631 567 695 civitatem
609 632 904 710 venisset,
947 633 1120 697 misit
1161 641 1309 697 ante
1352 654 1420 695 se
1449 632 1534 696 ad
1565 631 2009 697 Grimualdum
2038 655 2256 718 regem
2284 632 2485 697 Unul-

239 714 382 778 fum
399 726 428 757 ⁸
473 716 595 779 sibi
637 714 1076 779 fidelissimum
1118 717 1378 797 virumb,
1425 718 1538 802 qui
1580 739 1765 780 suum
1794 718 1852 780 ei
1869 729 1894 760 ⁰
1938 715 2285 781 adventum
2325 740 2486 781 nun-

238 800 450 864 tiaret.
536 798 812 864 Unulfus
854 821 1009 864 vero
1026 801 1056 842 ἃ
1111 799 1195 864 ad
1248 822 1468 883 regem
1527 802 1807 882 venienS,
1856 801 2169 865 Perctarit
2222 802 2289 864 in
2349 802 2483 865 eius

241 883 414 948 fidae
473 884 815 948 adventare
864 884 1197 948 nuntiavit.
1298 884 1480 948 Haec
1524 883 1628 947 ille
1685 884 1972 967 audiens,
2031 883 2300 949 fidenter
2338 907 2483 970 pro-

239 968 438 1050 misit,
481 968 549 1030 in
591 990 708 1031 sua
751 990 898 1031 eum
942 968 1107 1032 fides
1158 969 1518 1033 venientem
1558 967 1718 1032 nihil
1759 969 1909 1031 mali
1950 991 2288 1054 passurum
2328 972 2481 1033 fore.

240 1052 420 1116 Inter
462 1051 621 1116 haec
662 1052 975 1116 Perctarit
1016 1052 1361 1117 adveniens
1376 1064 1423 1135 8,
1476 1053 1560 1118 ad
1606 1052 2054 1118 Grimualdum
2096 1054 2421 1137 ingressus
2432 1055 2481 1135 ¹¹,

247 1140 438 1199 *cum
495 1137 630 1200 eius
687 1159 754 1201 se
811 1137 1094 1221 vestigiis
1151 1136 1526 1201 advolverei
1588 1145 1852 1201 conatus
1910 1146 2105 1220 esset,
2162 1160 2281 1202 rex
2337 1156 2700 1212 eum·p.143.

239 1218 588 1284 clementer
627 1222 902 1285 retenuit
943 1230 1135 1307 atque
1165 1220 1248 1284 ad
1277 1243 1464 1284 suum
1479 1222 1512 1262 ¹¹
1546 1220 1832 1285 osculum
1863 1222 2085 1286 erexit.
2158 1221 2265 1285 Ad
2293 1244 2483 1307 quem
2518 1249 2543 1305 w,

239 1304 583 1367 Perctarit:
627 1302 886 1369 ‘Servus
930 1306 1112 1369 tuus¹
1159 1308 1337 1385 sum',
1380 1305 1617 1403 inquit3
1665 1306 1894 1369 ‘sciens
1937 1316 2000 1370 te
2045 1304 2483 1371 christianissi-
2530 1310 2543 1407 ᾖ

232 1400 464 1451 mumm
509 1396 570 1452 et
580 1389 779 1534 lpium
809 1410 965 1470 esse,
1011 1410 1159 1452 cum
1201 1389 1442 1475 possim
1472 1398 1638 1452 mter
1673 1411 1967 1488 paganos
2008 1390 2244 1471 vivere,
2286 1390 2484 1455 fietus
2529 1408 2537 1424 ·

235 1472 320 1536 de
381 1480 494 1535 tua
544 1494 578 1535 c
605 1474 877 1537 ementia
918 1472 1002 1536 ad
1045 1482 1156 1536 tua
1214 1474 1488 1557 vestigia
1544 1476 1727 1537 veni'.
1816 1473 1940 1538 Cui
1996 1496 2138 1555 rex,
2200 1482 2273 1537 ut
2328 1472 2485 1537 sole-
2520 1507 2534 1574 j

236 1556 353 1621 bat
365 1569 415 1636 ¹¹,
478 1555 884 1621 iureiurando
928 1557 1019 1621 ita
1060 1558 1464 1642 repromisit⁰
1511 1556 1759 1621 dicens:
1834 1559 1979 1622 ‘Per
2036 1579 2181 1621 eum
2226 1558 2336 1643 qui
2380 1579 2482 1620 me

236 1641 422 1704 nasci
461 1639 631 1721 fecit,
674 1649 1016 1727 postquam
1060 1642 1128 1703 in
1156 1663 1367 1705 meam
1409 1641 1648 1705 fidemv
1679 1640 1763 1705 ad
1791 1664 1894 1706 me
1936 1642 2185 1724 venisti,
2228 1641 2387 1705 nihil
2414 1643 2481 1704 in
2512 1579 2527 1730 l

237 1724 457 1810 aliquo
504 1724 658 1788 mali
699 1726 978 1810 patierist,
1024 1725 1136 1789 sed
1179 1726 1268 1788 ita
1311 1734 1372 1789 te
1429 1726 1756 1807 ordinabO,
1802 1736 1873 1790 ut
1915 1726 2214 1790 decenter
2268 1726 2483 1790 vivere
2509 1748 2555 1842 [ἦ

235 1807 484 1894 possis'.
572 1809 754 1871 Tunc
800 1810 903 1873 ei‘l
953 1810 1021 1872 in
1079 1808 1375 1894 spaciosa
1437 1809 1668 1873 domor
1732 1810 2079 1895 hospitium
2143 1808 2480 1896 praebens,
2511 1842 2541 1896 s

242 1915 392 1957 eum
435 1901 582 1978 post
623 1894 802 1957 viae³
848 1892 1132 1958 laborem
1176 1892 1412 1957 habere
1456 1894 1745 1979 requiem
1786 1894 2001 1975 iussit;
2062 1895 2480 1979 praecipiens,

235 1977 449 2042 eidem
479 1999 562 2040 ex
591 1975 851 2062 publico
893 1978 1169 2041 victumt
1199 1987 1261 2042 et
1291 1999 1580 2063 quaeque
1610 1986 1821 2042 essent
1848 1978 2208 2041 necessaria
2248 1976 2483 2061 largius

233 2062 603 2125 ministrari.
709 2062 1022 2125 Perctarit
1072 2083 1224 2125 vero
1279 2084 1426 2125 cum
1475 2060 1560 2124 ad
1610 2060 1957 2147 hospitium
2021 2061 2144 2125 sibi
2196 2083 2235 2124 a
2281 2083 2434 2144 rege
2451 2073 2482 2102 ¹²

233 2154 690 2231 praeparatum
733 2146 1031 2226 venisset,
1075 2167 1230 2208 mox
1271 2146 1357 2209 ad
1399 2167 1547 2209 eum
1576 2144 2013 2209 Ticinensium
2057 2145 2297 2208 civium
2341 2166 2481 2208 coe-

233 2238 473 2315 perunt
513 2239 758 2293 turmae
803 2250 1210 2311 concurrere,
1269 2237 1341 2293 ut
1383 2251 1530 2293 eum
1572 2228 1677 2295 vel
1724 2228 2015 2293 viderent
2054 2227 2158 2293 vel
2212 2229 2482 2313 pristina

228 2314 459 2377 notitia
504 2314 826 2398 cognitum
871 2312 1236 2377 salutarent.
1336 2314 1581 2377 Verum
1640 2311 1796 2397 quid
1852 2333 1982 2376 non
2038 2311 2207 2375 mala
2258 2310 2481 2397 lingua
2523 2319 2533 2382 ζ

228 2399 597 2482 inrumpere
640 2397 897 2483 potest?
957 2398 1116 2461 Mox
1155 2419 1433 2483 namque
1476 2397 1799 2462 venientes
1830 2396 1913 2459 ad
1954 2418 2173 2481 regem
2216 2396 2477 2481 quidam
2527 2423 2563 2505 ³2

230 2482 498 2566 maligni
541 2480 916 2563 adolatoreS,
959 2482 1098 2566 regi
1128 2481 1524 2563 denuntiant,
1572 2482 1743 2566 quia,
1787 2481 1908 2545 nisi
1934 2481 2247 2545 Perctarit
2290 2481 2476 2544 citius
2516 2500 2566 2535 μ’

225 2567 366 2630 vita
431 2567 750 2651 privaret*
771 2615 786 2646 ,
853 2566 876 2628 i
926 2588 993 2629 se
1055 2588 1324 2650 regnum
1393 2567 1688 2650 protinus
1754 2587 1901 2628 cum
1956 2565 2089 2629 vita
2148 2563 2475 2650 perderet3
2522 2603 2529 2647 ¹.

227 2649 696 2729 adseveranteS,
741 2650 824 2714 ob
878 2589 1003 2713 Eoo
1051 2648 1135 2713 ad
1185 2671 1333 2712 eum
1382 2658 1582 2714 totam
1648 2661 2074 2713 concurrereW
2132 2650 2475 2713 civitatem.
2525 2690 2531 2706 .

229 2734 355 2797 His
400 2733 634 2797 auditis
664 2731 1001 2796 Grimuald
1029 2733 1298 2796 nimium
1343 2731 1639 2797 credulus
1683 2734 1964 2815 effectus,
2010 2743 2074 2797 et
2116 2733 2287 2819 quod
2331 2755 2474 2818 pro-

227 2818 492 2882 miserat
536 2816 790 2900 oblitus,
833 2819 901 2880 in
943 2817 1344 2881 innocentisx
1371 2818 1687 2882 Perctarit
1729 2818 1940 2882 statim
1983 2839 2207 2881 necem
2250 2839 2474 2881 accen·
2534 2863 2539 2874 .

228 2901 431 2983 ditur,
491 2900 952 2987 consiliumque
1018 2902 1158 2965 iniit
1171 2914 1222 2983 Y,
1288 2900 1559 2985 qualiter
1622 2925 1768 2967 eum
1785 2950 1802 2985 ‚
1912 2902 2059 2964 uiaz
2123 2903 2255 2965 iam
2317 2900 2475 2965 hora

229 2985 472 3049 tardior
537 2994 702 3067 erat,
766 2987 834 3048 in
901 2986 1174 3049 crastino
1231 2986 1404 3048 vitaa
1466 2986 1765 3070 privaret.
1930 2986 1998 3047 ui
2063 2984 2337 3069 denique
2391 2984 2475 3048 ad

228 3090 566 3167 vesperam
611 3069 896 3133 diversos
943 3069 1137 3149 cibos,
1195 3068 1388 3132 vinah
1434 3090 1692 3153 quoque
1735 3069 2125 3154 praecipua⁰
2167 3068 2472 3153 variaque
2536 3148 2542 3156 ἱ

225 3163 564 3240 potionum
604 3175 840 3238 genera
881 3152 1250 3235 transmisit,
1302 3152 1418 3215 ut<l
1463 3174 1609 3217 eum
1650 3152 2006 3218 inebriaree
2050 3153 2269 3238 possit,
2322 3173 2473 3238 qua·
2514 3195 2535 3247 ἶ,

2470 3255 2508 3277 J

234 3358 282 3413 a)
316 3361 574 3401 Hnnulfum
619 3361 814 3411 plerique
857 3362 916 3401 D.
950 3360 990 3401 G
1022 3357 1083 3402 '5.
1115 3363 1160 3401 H
1192 3361 1232 3401 5.
1264 3362 1286 3400 1
1321 3364 1359 3402 1.
1510 3358 1559 3411 1))
1591 3362 1701 3400 deest
1745 3362 1801 3403 Β.
1832 3361 1885 3401 F.
1922 3359 1976 3401 G.
2132 3356 2174 3409 c)
2206 3359 2307 3397 eius
2338 3358 2374 3399 C
2405 3354 2470 3401 *1.

231 3422 268 3460 F
303 3420 347 3460 4.
384 3419 448 3469 G3
480 3421 550 3459 sui
582 3421 682 3459 eius
712 3421 749 3458 F
784 3422 824 3462 1.
859 3421 906 3469 53
953 3420 1041 3460 sibi
1068 3420 1110 3459 A
1143 3421 1183 3461 6.
1322 3418 1367 3471 d)
1402 3422 1512 3459 deest
1544 3420 1594 3461 O.
1628 3421 1685 3460 D.
1824 3418 1868 3469 0)
1902 3420 2037 3459 fldem
2075 3419 2114 3458 B
2149 3420 2190 3458 1.
2226 3420 2296 3457 10.
2328 3418 2381 3457 P.
2416 3418 2471 3459 G.

227 3480 254 3519 1
289 3481 332 3519 1.
365 3479 414 3528 33
445 3480 494 3518 111
526 3479 733 3518 eiusdem
764 3481 1004 3520 servitium
1033 3479 1075 3519 A
1108 3482 1148 3520 6.
1270 3477 1309 3531 f)
1342 3479 1478 3519 fldem
1512 3478 1553 3519 G
1584 3479 1635 3529 33
1668 3489 1798 3519 suam
1828 3479 1966 3519 fidem
1998 3477 2039 3517 G
2066 3478 2111 3519 4.
2232 3473 2280 3526 g)
2313 3478 2474 3519 adiens

227 3540 266 3578 F
299 3539 354 3587 43
386 3538 580 3578 audiens
614 3537 655 3578 G
688 3538 834 3590 (Inter
865 3550 1035 3578 erasum
1067 3538 1108 3579 G
1140 3535 1196 3589 2).
1317 3536 1366 3589 11)
1397 3539 1426 3579 1.
1460 3542 1531 3578 est
1559 3548 1755 3587 cumque
1784 3538 1822 3577 B
1843 3540 1883 3579 1.
2004 3535 2037 3588 i)
2071 3537 2340 3576 advolveret
2369 3538 2407 3577 P
2428 3540 2470 3580 1.

227 3596 279 3648 k)
317 3607 366 3636 os
397 3607 530 3636 suum
571 3598 874 3647 osculumque
905 3597 956 3639 C.
989 3599 1046 3637 D.
1168 3596 1204 3649 1)
1237 3597 1347 3636 deest
1379 3597 1414 3638 C
1447 3596 1517 3647 ⁸13
1561 3598 1625 3636 hic
1656 3597 1809 3636 desinit
1840 3597 1877 3636 F
1910 3598 1979 3646 10,
2022 3596 2201 3644 reliquis
2229 3596 2472 3645 deperditi&

226 3654 294 3707 m)
331 3656 629 3695 christianum
659 3657 699 3695 B
735 3657 774 3697 1.
810 3656 844 3697 Ο
877 3658 930 3707 2;
962 3661 1006 3697 et
1037 3657 1294 3706 piissimum
1329 3667 1368 3698 0.
1403 3661 1450 3698 et
1481 3667 1521 3697 c.
1550 3656 1591 3695 A
1623 3656 1664 3697 2.
1787 3653 1836 3706 11)
1871 3655 2083 3695 asolehat
2110 3655 2149 3694 B
2185 3656 2231 3703 13
2264 3656 2474 3697 solvebat

229 3715 264 3756 C
304 3717 342 3754 1.
379 3714 418 3755 G
453 3716 500 3764 23
552 3724 586 3756 s,
620 3715 774 3755 iurare
805 3716 1001 3756 iurando
1032 3716 1075 3755 D
1111 3717 1180 3757 la.
1217 3716 1257 3755 2.
1289 3716 1340 3765 33
1387 3727 1424 3757 s.
1457 3715 1655 3755 iurando
1689 3714 1730 3754 G
1759 3715 1800 3757 4.
1932 3714 1977 3764 o)
2008 3714 2221 3765 promisit
2249 3714 2290 3754 A
2322 3716 2374 3763 2;
2405 3726 2472 3755 10-

228 3774 421 3825 spondit
449 3775 488 3813 B
523 3775 562 3814 1.
717 3772 765 3825 p)
798 3785 902 3814 mea
932 3775 1068 3815 fidem
1099 3775 1136 3813 F
1170 3776 1220 3825 13
1269 3785 1422 3814 meam
1463 3774 1601 3814 fidem
1632 3784 1744 3813 corr.
1776 3783 1882 3813 mea
1911 3773 2000 3813 fide
2031 3775 2072 3813 D
2110 3775 2149 3825 1,
2196 3778 2234 3811 et
2265 3774 2327 3812 ica
2357 3774 2395 3812 F
2425 3775 2468 3816 4.

229 3833 290 3875 G.
320 3832 344 3871 Ι
379 3834 418 3877 2.
569 3830 616 3883 q)
650 3833 718 3872 eis
747 3834 785 3873 B
821 3836 860 3873 1.
891 3838 941 3877 F.
975 3833 1040 3883 G3
1085 3835 1194 3873 decet
1226 3833 1249 3872 1
1281 3834 1322 3875 1.
1474 3831 1515 3884 r)
1548 3834 1733 3872 domum
1762 3834 1800 3873 B
1837 3835 1877 3872 1.
2028 3830 2066 3883 s)
2098 3833 2162 3871 ita
2190 3830 2233 3871 A
2264 3832 2308 3871 2.
2340 3834 2381 3873 3.
2412 3833 2469 3873 13.

226 3893 287 3932 D.
319 3892 356 3931 F
392 3894 415 3931 1
449 3903 470 3931 0
499 3902 628 3939 corr„
660 3892 765 3941 alii3
811 3896 950 3941 potue
982 3893 1190 3933 lauorem
1221 3893 1439 3932 haberem
1482 3896 1580 3941 post
1611 3902 1725 3934 corr.
1770 3895 1873 3941 post
1902 3890 2110 3932 laborem
2140 3892 2311 3930 habere
2342 3890 2383 3931 A
2415 3893 2468 3941 13

229 3954 340 4001 poto
373 3960 400 3990 0
431 3950 616 3990 labores
650 3949 690 3991 G
709 3953 749 3991 1.
785 3952 834 4001 2;
864 3956 969 4001 post
999 3952 1206 3992 laborem
1237 3950 1272 3991 C
1295 3953 1334 3992 2.
1371 3950 1471 3991 G3.
1507 3952 1587 3999 5a3
1619 3954 1722 4000 post
1749 3950 1933 3990 labores
1966 3949 2007 3991 G
2032 3952 2061 3990 4
2092 3956 2130 3990 et
2162 3962 2183 3989 e
2212 3960 2325 3989 corr.
2361 3947 2469 3999 (323

228 4014 336 4060 post
366 4010 484 4049 tales
513 4010 695 4049 labores
726 4022 746 4049 e
776 4021 877 4049 corr
926 4010 967 4050 G
999 4012 1051 4060 13
1081 4013 1187 4060 post
1215 4013 1396 4050 tantum
1426 4009 1635 4050 laborem
1666 4011 1721 4050 B.
1753 4010 1790 4048 F
1825 4011 1873 4059 2;
1904 4013 2008 4058 post
2040 4010 2085 4050 ei
2114 4008 2319 4049 laborem
2353 4006 2387 4047 C
2422 4012 2470 4058 ¹3

226 4071 336 4119 post
365 4070 466 4109 eius
496 4068 704 4109 laborem
735 4069 770 4110 C
800 4070 874 4109 4b.
904 4070 947 4109 D
982 4072 1021 4111 1.
1051 4070 1075 4109 1
1108 4073 1148 4109 1.
1181 4090 1233 4099 -
1266 4069 1485 4109 haberem
1514 4070 1552 4108 F
1586 4071 1626 4108 1.
1746 4066 1782 4119 t)
1815 4070 1924 4108 deest
1956 4068 1990 4109 Ο
2026 4071 2064 4109 1.
2182 4064 2231 4116 11)
2264 4077 2301 4110 s.
2332 4076 2470 4115 agere

225 4130 264 4168 F
301 4130 343 4168 1.
378 4127 419 4167 G
453 4130 490 4167 1.
529 4129 568 4169 2.
704 4125 750 4178 v)
783 4129 1044 4177 privaretur
1075 4128 1126 4170 O.
1156 4129 1217 4172 D.
1245 4129 1269 4168 1
1304 4131 1344 4169 1.
1491 4125 1556 4177 w)
1589 4132 1832 4167 concurret
1859 4128 1896 4166 F
1931 4128 1973 4167 1.
2120 4123 2170 4176 x)
2203 4125 2313 4164 deest
2343 4126 2382 4165 B
2418 4128 2468 4176 13

229 4188 532 4227 innocencius
563 4188 599 4226 F
632 4188 682 4235 13
713 4188 1028 4227 innocentiam
1062 4186 1103 4227 G
1135 4189 1176 4229 1.
1209 4188 1250 4228 2.
1286 4187 1326 4227 3.
1448 4185 1495 4237 y)
1524 4188 1669 4227 initur
1696 4188 1733 4227 F
1769 4189 1818 4237 13
1850 4187 1957 4227 initi
1990 4185 2030 4227 G
2065 4187 2105 4225 1.
2140 4186 2192 4233 23
2223 4185 2468 4224 consilium

231 4246 452 4299 (consilio
484 4244 531 4297 4)
561 4246 676 4285 inito
710 4245 808 4288 G3.
839 4248 884 4286 4.
1004 4244 1046 4297 z)
1081 4247 1160 4296 qui
1191 4245 1232 4284 A
1259 4248 1301 4287 2.
1339 4268 1389 4277 —-
1424 4257 1505 4285 ora
1530 4251 1630 4295 post
1660 4246 1801 4295 suppl.
1835 4246 1930 4287 13¹1.
2052 4242 2098 4295 a)
2130 4244 2273 4283 vitam
2306 4242 2347 4283 G
2366 4243 2464 4284 1.2.

228 4304 278 4355 b)
311 4306 469 4344 vinam
499 4305 536 4344 F
571 4307 611 4345 1.
736 4303 778 4356 0)
810 4306 920 4346 deest
950 4306 991 4345 A
1025 4307 1063 4345 2.
1185 4304 1232 4355 d)
1266 4309 1318 4345 ut
1352 4327 1402 4336 —-
1437 4306 1585 4355 possit
1613 4306 1697 4347 dee.
1734 4304 1775 4345 G
1808 4304 1875 4345 50.
1999 4303 2041 4353 0)
2074 4302 2325 4343 inebriaret
2351 4302 2389 4341 F
2424 4303 2469 4344 1.

229 4384 284 4395 -
316 4367 475 4414 posset
507 4363 555 4405 Ο.
586 4365 629 4403 D
662 4366 687 4404 1
721 4368 758 4403 et
791 4364 832 4405 G
863 4366 888 4405 2
921 4376 942 4404 e
971 4376 1102 4418 corr„
1134 4364 1226 4405 alii.
