2984 4917
597 397 666 447 32
1058 396 1282 449 PAULI
1321 396 1669 449 HISTORIA
1704 396 2378 453 LANGOBARDORUM.

796 564 908 648 44)
950 564 1021 627 D
1051 563 1111 627 8.
1199 564 1402 629 Pari
1416 564 1729 628 siensis
1783 563 1905 627 Nr.
1956 564 2147 647 4877,
2200 564 2353 630 olim
2414 562 2832 645 C'olbertinus,

599 670 754 713 mem
797 672 854 712 r.
883 668 936 711 s.
967 647 1152 711 XIII.
1209 646 1364 713 Post
1391 646 1957 713 Paulum-ecchibet
1983 650 2328 715 Einhardi
2368 648 2571 716 Vitam
2601 648 2834 713 Karoli

601 742 658 797 et
703 730 903 796 Gesta
946 730 1342 811 Alexandri,
1388 732 1611 797 omnia
1653 754 1797 797 una
1838 756 2043 797 manu
2086 742 2391 798 exarata.

770 814 909 905 (45)
955 815 1023 877 D
1053 816 1112 880 9.
1184 814 1717 881 Parisiensis
1760 814 1886 879 Nr.
1922 815 2124 881 14693
2170 816 2277 900 (S.
2334 816 2606 881 Victoris
2657 814 2833 897 289),
2951 808 2953 811 ,

599 900 855 965 membr.
887 898 1020 982 fol.
1077 922 1127 962 s.
1171 898 1347 963 XIV.
1391 903 1486 966 in.
1534 900 1899 965 Historiam
1940 900 2535 986 Langobardorum
2592 909 2833 963 antece-

599 984 766 1048 dunt
808 983 1094 1048 Haitoni
1138 983 1414 1048 historia
1472 985 1761 1064 orientis,
1808 984 2179 1049 Exordium
2221 982 2569 1069 hospitalis
2612 984 2835 1049 Hiero-

601 1064 981 1147 solimitani,
1026 1066 1228 1131 Pauli
1269 1068 1550 1132 historia
1592 1067 1921 1132 Romana.
2544 1095 2555 1105 ·

768 1149 907 1236 (46)
950 1150 1020 1213 D
1056 1150 1152 1214 10.
1227 1151 1300 1214 H
1312 1174 1416 1215 aa
1430 1173 1577 1237 qen
1593 1153 1711 1215 sis
1754 1151 1881 1215 Nr.
1912 1151 2057 1232 906,
2104 1150 2255 1217 olim
2298 1151 2833 1231 Fontanellensis,

600 1234 856 1298 membr.
887 1256 934 1297 s.
959 1234 1111 1297 XII.
1141 1256 1265 1315 ecc„
1308 1233 1369 1316 8,
1413 1235 1527 1301 ubi
1562 1244 1714 1319 post
1742 1235 1958 1301 breves
1988 1234 2287 1301 Annales
2315 1234 2837 1301 Fontanellenses

599 1316 654 1381 le
708 1319 875 1382 itur:
918 1317 1059 1382 Inci
1106 1318 1156 1383 it
1206 1339 1358 1405 pars
1400 1317 1482 1383 de
1570 1319 1723 1383 estis
1765 1318 1903 1383 Lan
1952 1320 2358 1402 obardorum,
2401 1322 2448 1385 i.
2493 1343 2546 1384 e.
2606 1320 2709 1401 VI,
2738 1318 2836 1383 53.

602 1402 648 1464 I
675 1400 988 1484 1,1-35.
1096 1402 1151 1482 I,
1181 1404 1242 1467 5.
1274 1403 1334 1467 6.
1378 1403 1432 1483 Ι,
1468 1403 1501 1465 1
1551 1448 1567 1465 .
1603 1402 1700 1467 16.
1730 1404 1833 1467 27.
1951 1451 1968 1485 ,
1998 1403 2269 1467 28-30.

771 1485 912 1571 (47)
958 1486 1025 1548 D
1060 1486 1156 1549 11.
1230 1485 1885 1568 Abencionensis,
1930 1488 2081 1552 olim
2124 1488 2441 1553 Uticensis
2471 1486 2837 1569 &Elbo-ulfi,

600 1569 854 1634 membr.
898 1592 947 1632 s.
994 1569 1146 1649 XII,
1207 1570 1322 1633 hoc
1368 1594 1616 1656 quoque
1657 1570 1794 1635 loco
1827 1573 2184 1656 ponendus
2225 1581 2346 1652 est,
2403 1580 2723 1657 quantum
2766 1592 2839 1634 em

603 1653 888 1739 sinyulis
938 1653 1100 1717 locis
1161 1677 1222 1718 a.
1284 1654 1348 1721 V.
1414 1653 1515 1721 Ol.
1569 1654 1838 1719 Daulne
1890 1655 2305 1721 bibliothec-ae
2404 1655 2689 1740 raefecto
2746 1656 2839 1718 in·

602 1736 2841 1889 2²32?sssssssstssgssiiinf‘ffiffi’ssss‘t'..33³‘'izzsssszejffiiisstssssufisset‘ffiffl}

603 1904 1098 1970 chronosticlzon
1145 1906 1236 1970 ad
1277 1905 1627 1987 Rohonem,
1676 1904 1875 1971 Gesta
1911 1907 2320 1991 pontificu-m,
2381 1870 2528 1972 Vita
2571 1905 2839 1987 Ma'oli;

604 1988 756 2053 olim
784 2011 932 2052 vero
963 1988 1467 2072 Montfauconio
1498 1998 1647 2053 teste
1665 1999 2018 2075 praeterea
2036 1992 2478 2076 Epitaphium
2504 1990 2694 2055 Mabi
2719 1993 2838 2070 iae,

615 2071 968 2137 Ordericus
1026 2072 1277 2137 Vitatis.
1684 2122 1688 2127 .

770 2155 867 2221 Ab
915 2158 1017 2220 his
1057 2157 1323 2243 longius
1366 2158 1678 2223 recedunt
1719 2159 1970 2223 codices
2012 2156 2243 2223 classis
2285 2159 2365 2221 Ε.

771 2240 911 2329 (48)
955 2242 1104 2305 ΕΙ.
1190 2240 1745 2306 Florentinus
1799 2242 2437 2317 Laurentianus
2497 2242 2698 2323 LXV,
2744 2242 2839 2320 34,

581 2324 713 2409 fol.
759 2346 808 2386 s.
853 2326 927 2388 Χ.
973 2324 1088 2405 XI,
1143 2325 1305 2389 liber
1361 2348 1645 2411 magnae
1688 2326 1894 2403 molis,
1948 2348 2072 2411 quo
2108 2327 2486 2425 praecipua
2529 2328 2842 2391 historiae

599 2418 1013 2472 monumenta
1085 2418 1277 2473 erant
1338 2412 1725 2494 conjuncta:
1811 2410 2121 2493 Pro-speri
2192 2412 2583 2491 chronicon,
2648 2409 2846 2474 Pauli

604 2492 885 2555 historia
927 2491 1256 2571 Romana,
1312 2491 1535 2559 Orosii
1574 2494 1766 2574 liber,
1807 2494 2135 2561 Jordanis
2180 2494 2257 2557 de
2299 2502 2657 2578 temporum
2704 2518 2842 2559 suc-

604 2576 884 2639 cessione
925 2584 986 2676 et
1029 2575 1120 2675 de·
1149 2576 1342 2639 rebus
1373 2574 1637 2659 Geticis,
1679 2578 2006 2661 Josephus
2042 2587 2100 2678 et
2130 2579 2371 2678 Heqesi.
2444 2600 2568 2679 ’us,
2612 2579 2687 2642 hi
2717 2580 2842 2678 duo

605 2658 2845 2831 ῗὲῗιίνέἔᾞξῖὶοηῖῗῗπαρῖἷιῗ’ῗθίἳῖωιέὂῗῳέἒέἶὶᾗῖιαᾶἷαρᾶξῗέἓῖἷὶ

605 2826 703 2889 vel
745 2826 1146 2912 negliyentia
1190 2827 1286 2891 vel
1343 2828 1621 2894 consilio
1666 2832 1905 2894 omissa
1915 2853 1939 2911 ,·
1994 2853 2269 2915 quorum
2310 2839 2575 2913 partem
2620 2836 2842 2979 §prae-

605 2911 826 2973 sertim
877 2933 1140 2975 carmen
1190 2913 1264 2975 in
1321 2911 1585 2977 laudem
1643 2913 1712 2978 S.
1757 2913 2103 2979 Benedicti
2157 2917 2579 2997 compositum
2661 2960 2678 2995 ,
2732 2914 2812 2980 26
2813 2918 2843 2995 )

603 2994 819 3058 scriba
911 3004 1086 3059 ostea
1130 2994 1474 3079 supplevit.
1580 2996 1677 3081 CJ.
1722 2998 1811 3061 N.
1857 2997 2055 3062 Arcb..
2086 2998 2147 3077 I,
2164 3022 2239 3083 p.
2271 2998 2415 3063 546.

771 3078 844 3162 (4
885 3076 912 3164 )
958 3077 1106 3141 Ε2.
1195 3080 1832 3146 Vindobonensis
1861 3082 1987 3147 Nr.
2018 3082 2185 3147 3126
2216 3083 2425 3165 (Hist.
2446 3105 2577 3167 pro
2617 3128 2633 3145 .
2663 3082 2843 3163 477),

604 3161 756 3226 olim
785 3162 999 3228 ‘Liber
1028 3163 1117 3227 M.
1139 3164 1531 3248 patriarche
1560 3164 2017 3251 Aquilejensis'
2037 3178 2081 3248 ¹,
2125 3166 2330 3230 chart.
2374 3188 2425 3229 s.
2456 3167 2525 3231 X
2576 3214 2597 3247 ,
2638 3190 2842 3231 manu

603 3246 779 3309 Itala
821 3249 1126 3331 scriptus,
1184 3249 1299 3333 qui
1387 3258 1602 3313 raeter
1641 3249 1999 3333 Josepbum
2040 3260 2097 3315 et
2134 3250 2582 3336 Hegesippum
2622 3252 2844 3316 eadem

605 3332 885 3394 continet
927 3333 1194 3437 scripta.
1280 3271 1453 3396 Efim
1497 3333 1750 3433 evolvit·
1786 3334 1874 3434 V..
1902 3332 1991 3399 Ol.
2047 3334 2485 3399 Wattenback.
2557 3421 2571 3435 ⁸

602 3496 732 3575 III,
773 3414 913 3577 ἓξὲξ)
925 3415 1131 3561 efai&
1177 3416 1260 3562 sl?
1273 3438 1574 3565 Ξζφῐνὲαθέῗι
1589 3418 1710 3565 {db
1722 3417 1919 3581 DX'VzI?
1934 3419 2057 3565 ιἠἷῗίῗ
2070 3441 2225 3567 oncis}
2263 3418 2847 3568 λὲίᾗῑέἑφΐιαῖαἷὲ

601 3579 1044 3665 qobardorum
1076 3582 1350 3666 praebet
1391 3607 1587 3670 eoque
1632 3585 1711 3649 ab
1744 3586 1813 3649 E
1840 3585 1872 3647 1
1914 3583 2150 3670 differt,
2196 3586 2371 3671 quod
2412 3586 2699 3673 sinyulis
2740 3611 2845 3653 ca·

590 3662 846 3747 pitibus
891 3676 1280 3750 argumenta
1312 3669 1695 3751 praemittit.
1762 3667 1990 3733 FZuaeit
2031 3678 2269 3749 tamen,
2293 3670 2715 3736 Betbmanno
2764 3674 2845 3735 ‘u-

602 3748 762 3828 dice,
835 3750 911 3812 ui
938 3772 1080 3814 eum
1111 3752 1297 3835 apud
1319 3752 1389 3815 S.
1416 3752 1864 3838 Auqustinum
1892 3756 2316 3834 ewaminavit,
2346 3777 2426 3819 ex
2449 3756 2516 3817 Ε
2529 3755 2561 3817 1
2588 3753 2687 3818 vel
2789 3756 2842 3818 2.

771 3772 908 3919 (gl)
940 3834 1008 3897 E
1030 3835 1090 3897 4.
1149 3835 1312 3899 Lon
1331 3834 1706 3901 diniensi
1721 3859 1752 3900 s
1799 3837 2053 3902 Harlei..
2084 3837 2208 3900 Nr.
2252 3836 2438 3919 5383,
2484 3838 2742 3903 membr.
2788 3842 2841 3901 4.

402 3943 567 3998 *μή
603 3938 653 3977 s.
685 3916 869 3979 XIII.
908 3915 1004 3981 vel
1039 3917 1214 3999 XIV,
1253 3916 1643 4000 Florentiae,
1689 3924 1711 3947 *
1734 3930 1804 3985 ut
1844 3922 2121 4003 videtur,
2167 3922 2451 4005 scriptus
2471 3934 2514 3986 ².
2580 3923 2843 3989 Indices

604 4022 818 4065 omnes
849 4009 906 4064 et
935 4002 1274 4089 complura
1308 4004 1537 4087 capita
1568 4004 1659 4087 (I,
1690 4005 1791 4069 26.
1836 4005 1928 4086 ΙΙ,
1964 4006 2061 4070 13.
2105 4005 2233 4086 ΙΙΙ,
2263 4006 2323 4069 2.
2360 4006 2457 4072 14.
2497 4006 2617 4087 IV,
2650 4006 2711 4069 9.
2751 4006 2841 4070 19.

601 4083 703 4149 33.
764 4084 864 4167 VJ,
899 4084 957 4149 7.
988 4085 1048 4150 8.
1087 4086 1196 4167 14)
1233 4086 1442 4171 plane
1489 4090 1889 4170 omittuntur,
1946 4089 2087 4153 alia
2112 4088 2311 4154 multo
2343 4092 2841 4171 contrahuntur,

605 4262 660 4329 1)
701 4263 826 4315 Ood.
869 4263 1098 4317 Scurial.
1138 4266 1220 4319 II.
1260 4266 1326 4317 R.
1386 4265 1472 4319 18.
1512 4268 1787 4321 BETHM.
1962 4267 2020 4336 2)
2060 4268 2131 4321 In
2179 4288 2345 4339 marg.
2380 4271 2489 4335 fol.
2532 4272 2583 4323 ⁷.
2623 4271 2842 4343 leqiturt

601 4338 664 4387 A.
687 4338 754 4388 D.
795 4354 1140 4392 mcccxmnn.
1169 4341 1442 4391 simillima
1472 4344 1639 4409 pestis
1666 4342 1938 4394 Florentio
1960 4348 2014 4394 et
2034 4346 2187 4411 quasi
2208 4360 2303 4411 per
2320 4346 2624 4397 universum
2646 4347 2842 4399 orbem.
