2984 4917
519 409 587 459 82
809 403 1032 456 PAULI
1070 401 1421 455 HISTORIA
1459 401 2130 478 LANGOBARDORUM.
2208 401 2354 451 LIB.
2392 400 2470 453 11.

330 575 619 644 ·p.·11.‘2.
708 570 1047 653 Quomodo
1090 568 1311 633 Narsis
1355 567 1836 632 Buccellinum⁸
1880 577 1945 633 et
1971 567 2326 668 Amingum
2367 571 2782 634 Francorum

706 655 941 721 ducesb
1003 653 1353 739 superavit,
1414 663 1477 717 et
1531 651 1610 717 de
1651 662 1852 718 morte
1897 652 2264 717 Leutharlic
2307 653 2489 719 tercii
2534 652 2748 718 ducis.

558 743 618 807 3.
707 737 1047 821 Quomodo
1108 736 1329 800 Narsis
1395 735 1708 801 Sinduald
1726 737 1754 778 ‘¹
1821 736 2213 802 Herulorum
2277 736 2572 822 regulum
2647 739 2786 804 sibi

702 821 1111 889 rebellantem
1128 831 1152 864 ⁰
1198 820 1492 886 extinxit.

556 911 618 974 4.
704 908 809 972 De
854 906 907 970 si
996 907 1051 969 is
1095 903 1497 990 pestilentiae
1541 912 1604 969 et
1646 903 2026 970 mortalitate
2071 927 2234 992 quae
2275 913 2564 991 tempore
2605 906 2784 971 Nar-

706 992 857 1056 setis
875 991 897 1032 f
973 987 1190 1054 taliam
1234 991 1530 1053 vastavit.

706 1075 812 1139 De
857 1073 1102 1138 invidia
1142 1073 1580 1137 Romanorum
1642 1071 1953 1138 adversus
2017 1072 2381 1156 Narsetem,
2443 1083 2507 1139 et
2523 1085 2553 1128 8
2659 1095 2784 1138 uo·

708 1158 900 1224 modo
948 1180 1093 1223 eum
1146 1166 1613 1222 accusaverunt
1653 1178 1692 1220 a
1738 1156 1826 1221 ud
1869 1159 2336 1242 imperatorem,
2389 1165 2452 1224 et
2496 1179 2624 1245 qua
2655 1160 2788 1222 ‘ter

707 1246 730 1307 i
778 1264 847 1307 se
865 1243 1089 1306 Narsis
1119 1240 1577 1326 Langobardos
1599 1240 1681 1305 ad
1736 1239 1953 1304 taliam
1976 1241 2432 1326 possidendam
2453 1243 2782 1308 invitavit.

712 1266 1101 1408 Quomodo¹¹
1148 1323 1385 1389 Alboin
1429 1323 1719 1412 Saxpnes
1763 1324 1846 1390 ad
1888 1347 2075 1389 suum
2119 1325 2432 1390 auxilium
2473 1325 2782 1391 adscivit.

559 1077 621 1142 5³¹

563 1412 621 1476 7.
708 1409 1026 1493 Qualiteri
1070 1407 1306 1473 Alboin
1369 1430 1517 1473 cum
1545 1405 1558 1420 ⁸
1578 1407 2042 1494 Langobardis‚
2101 1407 2325 1475 relicta
2366 1411 2705 1475 Pannonia
2722 1413 2784 1493 ¹³,

707 1495 791 1560 ad
833 1491 1085 1558 Italiam
1127 1493 1322 1558 venit.

564 1582 624 1646 8.
713 1577 1055 1660 Quomodo
1086 1575 1324 1642 Alboin
1352 1576 1434 1641 ad
1463 1574 1686 1641 Italiae
1730 1575 1889 1640 fines
1918 1577 2200 1665 veniens,
2245 1588 2526 1644 montem
2569 1577 2786 1663 Regis

710 1661 1018 1742 ascendit,
1065 1671 1128 1726 et
1170 1659 1250 1725 de
1292 1659 1684 1726 bisontibus¹
1728 1660 1898 1725 feris.
2294 1661 2302 1666 '

564 1749 624 1812 9.
712 1745 1054 1827 Quomodo
1084 1743 1321 1810 Alboin
1348 1744 1765 1809 Venetiarum
1787 1744 1946 1808 fines
1970 1745 2312 1830 ingressuS,
2335 1744 2402 1808 in
2418 1757 2460 1788 ¹²¹
2482 1744 2782 1810 Foroiuli

712 1829 1040 1896 Gisulfum
1086 1851 1273 1893 suum
1314 1839 1612 1914 nepotem
1656 1828 1887 1894 ducem
1933 1829 2276 1893 constituit.

523 1916 622 1981 10.
712 1916 842 1996 Qui
884 1935 1071 1999 reges
1100 1934 1175 1978 eo
1204 1921 1490 1998 tempore
1518 1913 1784 1977 Francis
1834 1911 2257 1999 imperabant,
2302 1921 2365 1977 et
2393 1912 2473 1978 de
2492 1925 2520 1955 ¹¹
2563 1913 2782 1978 Bene-

710 1999 884 2064 dicto
929 2019 1099 2084 papa
1166 1996 1374 2084 deque
1392 2007 1417 2038 ⁰
1461 1996 1664 2062 Paulo
1707 1995 2106 2082 Aquileiensi
2148 1995 2531 2082 patriarcha.

521 2084 623 2148 11.
710 2083 814 2148 De
856 2091 1061 2146 morte
1104 2080 1409 2146 Narsetis.

523 2167 621 2232 12.
709 2166 812 2232 De
854 2165 1070 2231 Felice
1114 2167 1417 2265 episcopo
1481 2163 1881 2248 TarvisianO,
1947 2164 2316 2252 quomodo?
2380 2163 2618 2230 Alboin
2685 2163 2780 2230 ad

708 2249 974 2316 Plabem
1017 2249 1284 2316 fluvlum
1329 2249 1623 2313 occurrit.
2275 2293 2292 2306 .

524 2336 621 2402 13.
709 2334 811 2399 De
852 2335 976 2400 hoc
1020 2333 1246 2399 eodem
1289 2332 1507 2398 Felice
1551 2343 1614 2397 et
1655 2331 2008 2398 Fortunato
2053 2333 2520 2432 sapientissimo
2563 2333 2730 2397 viro.

522 2420 621 2484 14.
710 2418 1051 2500 Quomodo
1093 2416 1332 2484 Alboin
1383 2417 1801 2482 Venetiarum
1855 2417 2231 2502 provinc1a‘1
2289 2418 2474 2503 cepit,
2533 2426 2632 2482 et1·
2690 2416 2778 2484 de

708 2503 962 2566 nomine
1003 2501 1108 2566 vel
1150 2500 1385 2566 finibus
1430 2499 1719 2565 eiusdem
1759 2501 2085 2566 Venetiae.

522 2585 620 2652 15.
706 2586 811 2733 Re
852 2586 1117 2669 Liguria
1135 2597 1157 2628 ⁵
1203 2583 1484 2650 secunda
1525 2583 1746 2650 Italiae
1789 2585 2124 2670 provincia
2139 2589 2176 2668 ²,
2234 2593 2342 2652 et¹¹
2386 2585 2464 2650 de
2510 2584 2774 2650 duabus

768 2668 909 2734 etiis
926 2681 976 2732 V.

522 2799 726 2848 obsessa,
754 2799 803 2836 et
832 2795 956 2845 quod
995 2795 1130 2836 famis
1174 2797 1438 2836 universam
1484 2796 1672 2836 Italiam
1716 2796 2042 2837 devastaverit.
2107 2797 2178 2836 27.
2209 2797 2300 2837 Hic
2339 2794 2516 2836 Albuin
2545 2795 2772 2836 Ticinum

520 2855 797 2906 ingreditur.
870 2855 938 2895 28.
969 2855 1041 2894 De
1089 2866 1144 2896 eo
1176 2855 1298 2904 quod
1339 2854 1516 2895 Albuin
1557 2855 1740 2895 insidiis
1781 2856 2095 2896 Rosimundae
2136 2866 2250 2896 suae
2294 2855 2504 2904 coniugis
2549 2855 2774 2898 Veronae

523 2916 584 2956 sit
612 2915 932 2963 interemptus.
1031 2914 1101 2957 29.
1132 2912 1265 2962 Quod
1295 2914 1539 2965 Helmigis,
1581 2914 1784 2954 extincto
1814 2913 2004 2966 Albuin,
2049 2925 2152 2954 cum
2181 2914 2468 2956 Rosimunda
2496 2913 2776 2954 Ravennam

523 2974 656 3024 fugit,
687 2973 769 3013 nbi
798 2973 890 3014 Dei
920 2972 1092 3013 iudicio
1124 2976 1318 3022 uterque
1362 2983 1544 3013 veneno
1575 2983 1668 3013 uno
1712 2977 1944 3014 momento
1987 2975 2240 3024 perierunt.
2305 2974 2374 3014 30.
2409 2972 2496 3014 Ubi
2526 2973 2776 3022 Longinus

520 3033 781 3084 praefectus
812 3030 1073 3072 Albsuinda
1104 3031 1429 3084 (Albsuindam
1460 3033 1504 3073 4.
1537 3028 1598 3072 ⁸5.
1629 3031 1741 3072 5aet
1771 3044 1792 3072 e
1821 3044 1935 3074 corr.
1970 3031 2032 3084 1),
2080 3031 2270 3073 Albnini
2301 3033 2426 3081 regis
2457 3031 2620 3083 filiam,
2655 3031 2777 3073 Con·

520 3091 869 3142 stantinopolim
900 3092 1055 3133 mittit.
1118 3093 1192 3132 31.
1224 3091 1315 3132 Ubi
1347 3091 1459 3142 clep
1500 3091 1668 3144 (eleph
1699 3089 1762 3143 4),
1808 3091 2148 3132 nobilissimum
2179 3093 2231 3132 in
2275 3092 2388 3132 urbe
2429 3091 2771 3144 Ticinensium,

520 3151 816 3202 Langobardi
846 3151 937 3190 sibi
968 3161 1124 3200 regem
1155 3153 1426 3192 statuerunt.
1490 3151 1561 3191 32.
1594 3152 1666 3191 De
1709 3152 1929 3204 eoquod
1969 3154 2148 3191 mortno
2194 3151 2305 3201 clep
2337 3150 2636 3199 Langobardi
2681 3161 2774 3200 per

520 3223 667 3252 annos
716 3210 873 3254 decem
920 3210 1004 3250 sub
1053 3210 1245 3250 ducibus
1292 3209 1494 3250 fuerunt.
1589 3209 1978 3263 (EXPLICIUN'P
2029 3209 2336 3252 CAPITULA
2379 3210 2485 3250 add.
2536 3211 2576 3249 1.
2628 3209 2674 3250 2.
2708 3208 2771 3261 4).

522 3272 559 3310 F
593 3273 649 3311 la
678 3270 841 3310 indices
871 3269 1000 3320 hujus
1030 3270 1132 3309 libri
1160 3271 1224 3309 ita
1254 3269 1305 3308 de
1334 3280 1414 3308 suo
1435 3270 1594 3319 finxitt
1659 3271 1700 3309 1.
1732 3271 1804 3310 De
1834 3270 2011 3310 Narseo
2043 3271 2249 3320 patritio.
2323 3269 2365 3312 2.
2399 3268 2531 3316 Quod
2561 3267 2772 3308 Narseus

520 3330 789 3370 Bucilinum
820 3329 935 3368 vicit
963 3333 1011 3369 et
1039 3329 1285 3370 interfecit.
1349 3328 1391 3370 8.
1423 3330 1542 3370 Item
1574 3329 1632 3370 de
1645 3329 1854 3369 Narsetis
1887 3329 2080 3370 actibus.
2142 3329 2184 3368 4.
2216 3330 2289 3370 De
2319 3332 2449 3378 peste
2480 3327 2773 3376 inguinaria.

521 3388 560 3428 5.
593 3387 728 3436 Quod
770 3388 970 3428 Romani
1012 3387 1253 3428 Narsetem
1298 3391 1649 3428 accusaverunt.
1725 3387 1769 3429 6.
1801 3387 1932 3435 Quod
1964 3386 2137 3428 Alboin
2182 3399 2212 3429 a
2241 3389 2435 3428 Narsete
2480 3387 2533 3426 in
2575 3386 2770 3426 Italiam

521 3450 713 3486 vocatus
759 3446 820 3485 sit
847 3451 920 3487 etc.
984 3447 1179 3497 Denique
1219 3447 1256 3485 F
1288 3447 1329 3487 2.
1366 3445 1409 3488 G·
1440 3447 1465 3486 6
1499 3447 1586 3489 ita:
1634 3446 1794 3485 Narsis
1841 3450 2130 3496 pugnaturus
2177 3458 2281 3487 cum
2328 3446 2490 3488 Gothis
2539 3445 2776 3485 auxilium

517 3505 694 3545 habens
708 3503 1119 3552 Langobardorum
1148 3505 1296 3545 vincit
1324 3505 1504 3558 (11th
1523 3504 1584 3556 2).
1646 3506 1930 3545 Francorum
1962 3507 2098 3546 duces
2127 3506 2410 3546 Bucillinum
2443 3508 2490 3544 et
2516 3504 2775 3552 Amineum

520 3563 682 3604 Narsis
713 3567 914 3613 superat.
975 3564 1136 3603 Narsis
1169 3563 1396 3603 sinduald
1442 3563 1748 3604 rebellantem
1779 3564 1950 3604 occidit
1979 3567 2025 3604 et
2054 3565 2240 3604 Italiam
2287 3567 2430 3605 totam
2477 3564 2694 3612 subiugat
2728 3567 2778 3604 et

520 3623 668 3662 iustus
700 3621 977 3661 describitur
1008 3621 1076 3675 (et
1109 3645 1161 3653 —
1204 3623 1481 3662 describitur
1522 3624 1609 3664 des.
1643 3624 1679 3662 F
1711 3620 1776 3673 2).
1834 3624 1934 3663 Hoc
1978 3627 2185 3674 tempore
2229 3623 2503 3672 gravissima
2544 3623 2687 3673 pestis
2722 3623 2775 3662 in

521 3681 715 3729 Liguria
747 3684 847 3720 orta
878 3683 947 3720 est
976 3685 1050 3722 etc.
1169 3679 1219 3732 p)
1250 3683 1314 3721 ita
1343 3682 1386 3721 D
1421 3685 1462 3725 1.
1491 3684 1531 3722 E
1566 3685 1616 3731 13
1650 3682 1812 3722 cartol.
1844 3682 1887 3722 A
1917 3679 1988 3732 ’ὃς
2021 3683 2217 3726 chartul.
2250 3683 2353 3731 alii3
2385 3681 2440 3731 es.
2471 3693 2518 3731 p.
2555 3682 2612 3721 84
2641 3692 2688 3722 n.
2724 3692 2771 3730 g.

522 3755 568 3808 a)
601 3756 781 3798 Bucell.
813 3756 856 3796 A
888 3759 928 3798 l.
963 3759 1005 3797 D
1039 3759 1080 3809 2,
1112 3758 1211 3807 αῑίίς
1254 3759 1573 3799 Buccillinum
1616 3759 1651 3800 Ο
1685 3760 1727 3802 1.
1760 3760 1802 3798 D
1839 3761 1878 3810 1,
1921 3760 2014 3801 alii.
2149 3758 2198 3810 b)
2230 3760 2342 3799 decet
2373 3758 2407 3800 C
2442 3760 2482 3798 1.
2513 3759 2556 3798 D
2592 3760 2614 3797 1
2651 3759 2774 3812 (post

521 3814 702 3868 mm).
735 3815 759 3854 Ι
793 3818 833 3857 1.
972 3814 1014 3868 c)
1046 3817 1286 3858 Leutherii
1317 3817 1370 3858 Ο.
1403 3819 1461 3858 D.
1493 3819 1539 3858 H
1571 3819 1623 3868 13
1665 3818 1908 3858 Lautharii
1937 3820 1976 3858 E
2010 3821 2062 3868 13
2109 3818 2320 3858 Loutarii
2348 3818 2389 3858 A
2422 3817 2464 3860 5.
2590 3814 2637 3868 d)
2672 3815 2776 3858 Sin-

523 3875 744 3915 dualdum
789 3876 832 3915 D
866 3876 905 3928 2,
952 3876 1043 3918 alii.
1198 3874 1241 3927 e)
1274 3877 1552 3918 rebellatum
1598 3878 1904 3919 rebellantem
1944 3879 1983 3917 B
2019 3880 2059 3917 1.
2209 3875 2246 3929 f)
2277 3877 2480 3918 Nescitis
2521 3877 2617 3918 Pal.
2666 3876 2772 3918 Ass.

524 3932 569 3986 g)
606 3937 653 3974 et
686 3956 737 3965 —
783 3935 999 3974 invitavit
1028 3935 1114 3976 des.
1150 3935 1199 3976 Ο.
1229 3936 1286 3976 D.
1319 3937 1363 3976 H
1395 3938 1438 3976 1.
1471 3936 1495 3975 Ι
1530 3939 1569 3978 1.
1720 3934 1769 3988 h)
1803 3937 2018 3985 Qualiter
2048 3935 2083 3977 Ο
2117 3938 2157 3978 1.
2191 3937 2234 3976 D
2268 3938 2321 3986 13
2361 3938 2437 3976 hoe
2468 3940 2775 3986 armamentum

525 3995 635 4034 deest
663 3995 705 4033 D
740 3993 780 4033 8.
898 3991 935 4044 i)
970 3994 1208 4042 Quomodo
1241 3995 1289 4035 Ο.
1320 3996 1379 4037 D.
1412 3996 1515 4038 Η1.
1545 3996 1569 4035 Ι
1599 3997 1642 4036 1.
1765 3993 1814 4047 k)
1846 3996 2140 4036 Pannoniam
2171 3996 2209 4035 B
2230 3998 2268 4037 1.
2302 3997 2344 4035 D
2365 3998 2405 4036 1.
2526 3994 2561 4047 l)
2594 3995 2782 4035 bisson-

526 4053 647 4093 tibus
681 4051 732 4093 Ο.
766 4053 823 4093 D.
858 4054 882 4093 1
915 4054 964 4102 13
1007 4053 1115 4092 deest
1147 4053 1188 4093 A
1221 4053 1262 4095 5.
1399 4053 1463 4104 m)
1498 4056 1548 4094 in
1593 4076 1645 4085 —
1695 4055 1932 4095 constituit
1973 4055 2058 4096 des.
2101 4056 2150 4096 Ο.
2186 4056 2245 4095 D.
2277 4056 2321 4094 H
2353 4057 2394 4096 1.
2428 4056 2451 4095 Ι
2485 4056 2534 4104 1;
2582 4055 2644 4094 sit
2667 4059 2776 4103 post

524 4112 625 4154 add.
656 4113 698 4151 D
733 4114 774 4163 1,
807 4117 844 4151 et
873 4113 937 4151 ita
965 4113 1067 4156 Β2.
1102 4113 1144 4153 8.
1265 4111 1314 4164 n)
1348 4113 1458 4153 deest
1492 4109 1605 4154 0⁸1.
1728 4112 1773 4166 o)
1809 4114 1956 4163 deque
1989 4114 2040 4154 P.
2071 4113 2127 4156 A.
2157 4126 2202 4164 p.
2233 4115 2318 4154 des.
2353 4114 2403 4156 Ο.
2436 4114 2499 4154 D.
2531 4113 2636 4153 Η1.
2667 4113 2692 4151 Ι
2729 4115 2780 4155 1.

527 4168 575 4222 p)
609 4171 839 4220 quomodo
873 4191 924 4203 -
973 4171 1171 4212 occurrit
1199 4173 1285 4214 dee.
1320 4172 1372 4214 Ο.
1403 4173 1462 4213 D.
1497 4173 1542 4212 H
1575 4174 1616 4212 1.
1650 4173 1673 4212 Ι
1708 4175 1758 4223 1;
1797 4173 1848 4212 in
1881 4173 1939 4212 ad
1979 4174 2172 4214 Plavem
2210 4184 2305 4214 eum
2347 4172 2611 4214 antecedenti
2641 4181 2775 4220 arqu—

525 4234 663 4269 mento
686 4231 882 4280 junceum
910 4231 948 4270 B
983 4232 1023 4282 1,
1055 4232 1154 4271 ubi:
1187 4232 1259 4271 De
1289 4231 1447 4272 Felice
1480 4234 1575 4282 est3
1605 4233 1647 4271 D
1666 4231 1691 4272 5
1725 4244 1821 4283 ατς.
1856 4233 1928 4273 11.
1961 4237 1999 4271 et
2031 4233 2100 4272 12.
2131 4233 2366 4283 conjunxit.
2490 4228 2537 4281 q)
2571 4231 2636 4270 ita
2667 4229 2768 4272 Pal.

527 4289 643 4340 Ass„
674 4293 724 4327 ut
751 4289 936 4340 videtur,
966 4289 1007 4329 A
1026 4293 1065 4332 1.
1099 4291 1137 4330 B
1158 4292 1210 4339 13
1241 4291 1532 4340 provinciam
1562 4291 1701 4332 ceteri.
1808 4289 1848 4343 r)
1883 4294 1928 4331 et
1949 4293 2242 4333 —Venetiae
2273 4291 2360 4334 des.
2395 4290 2445 4333 Ο.
2478 4290 2661 4330 Β.Η1.
2679 4288 2702 4327 Ι
2723 4291 2771 4330 1.

526 4345 565 4398 s)
598 4347 820 4396 Lignaria
848 4348 886 4387 B
920 4349 969 4397 13
1013 4349 1204 4398 Ligoria
1236 4349 1271 4390 Ο
1306 4351 1344 4390 1.
1379 4350 1421 4388 D
1455 4351 1495 4391 1.
1531 4350 1555 4389 1
1588 4351 1628 4392 1.
1777 4348 1814 4402 t)
1848 4351 2113 4401 provintiae
2162 4350 2196 4392 Ο
2230 4352 2269 4392 1.
2302 4351 2325 4391 1
2364 4352 2403 4389 1.
2554 4345 2606 4400 u)
2640 4350 2686 4389 et
2716 4347 2767 4389 d.

524 4406 569 4446 d.
602 4406 657 4447 R.
689 4407 773 4447 des.
808 4406 859 4448 Ο.
892 4409 951 4447 Β.
984 4408 1027 4447 H
1061 4410 1101 4451 1.
1135 4409 1159 4448 Ι
1191 4409 1230 4449 1.
1355 4405 1402 4458 v)
1436 4409 1574 4449 terris
1607 4407 1647 4448 A
1680 4407 1741 4448 1¹?
1772 4410 1894 4459 regis
1927 4410 1964 4449 B
1999 4411 2039 4450 1.
