2984 4917
390 402 613 454 PAULI
651 401 1000 454 HISTORIA
1037 403 1709 459 LANGOBARDORUM.
1784 408 1928 459 LIB.
1968 410 2063 461 VI.
2272 413 2377 463 241

141 590 376 633 nomen
404 578 518 653 est,
563 572 746 636 iuxta
787 570 1050 636 fluvium
1090 568 1433 653 Tana’rum,
1477 574 1578 637 vir
1605 574 1804 638 mirae
1835 576 2184 641 sanctitatis
2213 576 2390 641 Bao-

146 652 394 718 dolinus
414 662 442 695 ⁸
483 656 760 737 nomine,
803 656 912 740 qui
943 654 1162 719 multis
1186 655 1529 738 miracuIiS,
1575 655 1811 721 Christi
1855 660 2061 743 gratia
2078 661 2106 702 ¹¹
2158 660 2379 724 suffra-

143 746 351 821 gante,
395 735 640 802 refulsit
653 751 698 801 ⁰.
765 738 893 819 Qui
923 738 1144 823 saepe‘¹
1172 738 1386 802 futura
1413 740 1755 837 praedixit,
1798 742 2091 807 absentia
2120 765 2379 829 quoque

143 821 326 905 quasi
378 823 738 905 praesentia
786 823 1103 886 nuntiavit
1119 832 1164 884 θ.
1263 822 1563 908 Demque
1621 845 1769 887 cum
1782 825 1805 867 f
1857 848 1973 890 rex
2018 825 2377 912 Liutprand

141 905 207 965 in
247 901 492 969 Urbem
538 904 764 969 silvam
806 915 1109 971 venatum
1150 906 1324 986 isset,
1365 928 1535 970 unus
1566 928 1651 971 ex
1679 909 1814 972 eius
1860 907 2203 973 comitibus
2246 931 2379 974 cer-

141 998 344 1051 vumss
399 988 631 1072 sagitta
687 991 1058 1075 percutereh
1100 990 1305 1071 nisuS,
1349 989 1636 1054 eiusdem
1677 993 1847 1076 regis
1896 1002 2216 1078 nepotem,
2257 994 2380 1057 hoc

141 1080 238 1135 est
278 1072 513 1135 sororis
557 1073 694 1137 eius
736 1071 956 1154 filium,
1014 1071 1364 1137 Aufusumi
1437 1075 1713 1155 nomine,
1772 1074 1994 1141 nolens
2052 1077 2379 1142 sauciavit.

140 1154 334 1234 Quod
375 1177 492 1218 rex
536 1177 800 1220 cernens
857 1196 943 1205 -
997 1155 1181 1221 valde
1240 1156 1410 1219 enim
1463 1157 1737 1222 eundem
1794 1181 2066 1244 puerum
2123 1160 2382 1226 amabat

143 1276 220 1287 —
246 1258 394 1301 cum
426 1236 706 1303 lacrimis
730 1240 868 1303 eius
897 1238 1405 1303 incommodumk
1435 1238 1768 1307 lamentari
1796 1244 2009 1328 coepit
2038 1245 2380 1329 statimque

141 1344 342 1385 unum
385 1344 421 1386 e
473 1323 606 1386 suis
665 1324 945 1408 equitem
987 1324 1178 1403 misit,
1236 1323 1348 1408 qui
1400 1322 1484 1388 ad
1532 1325 1742 1389 virum
1784 1326 1914 1390 Dei
1956 1325 2380 1391 Baodolinum

135 1416 420 1471 curreret
462 1428 737 1492 eumque
781 1416 1044 1492 peteret,
1088 1417 1161 1470 ut
1187 1427 1304 1491 pro
1334 1406 1468 1471 vita
1511 1407 1796 1473 eiusdem
1840 1411 2023 1495 pueri
2055 1408 2381 1474 Christum

139 1487 549 1575 supplicaret.
618 1490 749 1569 Qui
778 1512 926 1553 cum
955 1491 1037 1554 ad
1070 1512 1323 1555 servum
1351 1489 1479 1555 Dei
1509 1501 1821 1577 pergeret,
1852 1515 2015 1579 puer
2042 1493 2379 1557 defunctus

143 1574 290 1638 est¹.
379 1571 503 1637 Oui
536 1572 772 1638 Christi
815 1572 1092 1638 famulus
1124 1573 1208 1638 ad
1239 1596 1304 1637 se
1399 1576 1748 1640 ervenienti
1790 1577 1879 1641 ita
1910 1576 2109 1642 dixit:
2184 1576 2377 1658 ‘Sci0,

138 1678 332 1742 quam
379 1656 461 1721 ob
505 1677 765 1721 causam
821 1658 1104 1739 veneris3
1155 1656 1269 1721 sed
1323 1596 1484 1721 iilud
1542 1657 1717 1745 quod
1774 1658 2095 1745 postulare
2149 1661 2381 1725 missus

139 1763 210 1805 es
229 1752 272 1782 m
294 1740 424 1804 iam
468 1740 609 1805 fieri
635 1762 762 1804 non
789 1749 1019 1825 potest,
1064 1742 1217 1827 quia
1246 1763 1407 1826 puer
1434 1740 1539 1805 ille
1584 1741 1917 1807 defunctus
1961 1747 2097 1808 est’.
2186 1743 2380 1825 Quod

135 1846 291 1888 cum
333 1822 475 1887 hisn
521 1825 633 1909 qui
676 1826 951 1888 missus⁰
994 1822 1202 1889 fuerat
1241 1824 1380 1909 regi
1417 1824 1593 1910 quod
1622 1848 1661 1889 a
1703 1848 1887 1891 servo
1919 1826 2047 1892 Dei
2089 1826 2380 1892 audierat

131 1908 582 1988 renuntiasset,
625 1930 763 1991 rex,
792 1905 944 1972 licet
971 1906 1262 1989 doluerit,
1307 1907 1483 1994 quod
1513 1909 1807 1973 effectum
1827 1921 1854 1963 Ρ
1898 1932 1975 1973 su
2068 1909 2384 1974 licationis

133 2013 296 2056 suae
338 1990 574 2057 habere
615 2012 746 2055 non
785 1992 1014 2077 potuit,
1066 2001 1280 2055 tamen
1331 1993 1482 2077 quia
1526 1994 1629 2056 vir
1668 1992 1935 2056 Domini
2049 1993 2384 2057 aodolinus

128 2074 514 2161 prophetiae
543 2097 573 2138 s
621 2075 841 2139 iritum
869 2075 1182 2155 habuerit,
1227 2084 1446 2159 aperte
1477 2076 1795 2160 cognovit.
1879 2075 2094 2139 Huieq
2169 2098 2383 2163 uoque

129 2180 268 2223 non
328 2157 570 2222 dissim‘
599 2160 654 2221 is
717 2170 911 2257 aput‘
974 2158 1412 2223 Veronensem
1499 2160 1823 2224 civitatem
1908 2159 2128 2224 Teude
2192 2161 2338 2245 pius
2358 2170 2380 2202 ⁸

127 2242 395 2306 nomine
425 2242 564 2323 fuit,
612 2243 721 2327 qui
750 2251 916 2307 mter
955 2240 1278 2306 miranda⁸
1319 2263 1482 2328 quae
1512 2241 1809 2328 patrabat
1849 2264 2163 2329 praesago
2193 2244 2381 2308 etiam

129 2326 406 2411 spiritu¹¹
465 2323 667 2389 multa
719 2348 885 2411 quae
940 2335 1120 2390 erant
1171 2336 1440 2391 ventura
1488 2325 1828 2411 praedixit.
1930 2326 2029 2391 Eo
2046 2339 2075 2368 v
2135 2347 2389 2413 quoque

128 2422 430 2495 tempore
475 2408 691 2473 floruit
717 2410 850 2491 vita
877 2407 978 2473 vel
1021 2410 1269 2474 actibus
1298 2410 1657 2474 Ticinensis
1689 2408 1996 2475 ecclesiae
2042 2410 2381 2496 episcopus

125 2494 368 2558 Petrus
380 2505 441 2573 W,
503 2493 614 2578 qui
631 2506 662 2534 ¹
705 2493 856 2578 quia
911 2493 1082 2577 regis
1127 2503 1264 2557 erat
1320 2494 1851 2578 consanguineus,
1908 2494 1989 2560 ab
2009 2505 2039 2548 Y
2083 2492 2199 2556 Ari
2247 2503 2381 2557 erto

126 2573 465 2663 quondam
479 2587 502 2618 ²
545 2597 696 2660 rege
746 2585 902 2661 aput
947 2574 1303 2661 Spoletium
1347 2575 1541 2641 exilio
1584 2577 1791 2641 fuerat
1843 2587 2147 2642 retrusus.
2274 2576 2380 2639 uic

126 2660 312 2725 beati
353 2660 653 2744 martyris
701 2660 960 2724 Savini⁸
1003 2659 1340 2724 ecclesiam
1381 2659 1809 2746 frequentanti
1853 2659 2059 2725 isdem
2120 2681 2381 2725 venera-

125 2742 288 2809 bilis
330 2743 618 2827 martyrb
675 2744 1169 2829 praenuntiavit,
1224 2743 1399 2829 quod
1454 2744 1795 2830 episcopus
1860 2754 2020 2830 aput
2077 2743 2382 2808 Ticinum

123 2828 394 2891 futurus
451 2836 637 2891 esset.
732 2825 898 2906 Qui⁶
950 2837 1192 2911 postea,
1254 2847 1402 2890 cum
1458 2828 1703 2892 factum
1760 2827 2004 2909 fuisset,
2047 2825 2383 2891 basilicam

123 2909 350 2976 eidem
400 2908 588 2975 beato
606 2909 635 2951 ἅ
683 2912 949 2996 martyri
995 2908 1233 2975 Savino
1275 2910 1344 2973 in
1386 2910 1521 2975 solo
1565 2911 1826 2997 proprio
1870 2921 2029 2995 aput
2070 2910 2339 2983 eandem
2357 2922 2384 2952 ⁶

123 2994 467 3059 civitatem
512 2996 869 3058 construxit
885 2994 926 3056 f.
1023 2993 1150 3057 Hic
1187 2994 1353 3057 inter
1394 2992 1671 3078 reliquas
1716 2993 1993 3078 optimae
2021 2994 2193 3057 vitae
2224 3013 2385 3078 quas

127 3076 369 3143 habuit
437 3077 704 3141 virtutes
769 3080 960 3141 etiam
1035 3076 1417 3162 virginitatis
1488 3076 1645 3142 flore
1724 3078 2062 3140 decoratus
2134 3076 2384 3140 enituit.

125 3161 397 3226 Cuius&
452 3162 615 3224 nosh
671 3159 932 3246 aliquod
974 3159 1353 3224 miraculum
1367 3161 1404 3240 i,
1473 3158 1648 3246 quod
1705 3159 2047 3285 lposteriori
2100 3169 2384 3243 tempore

120 3252 394 3331 gestum
438 3252 550 3326 est,
595 3244 664 3307 in
704 3242 844 3307 loco
889 3244 1148 3330 proprio
1185 3264 1517 3329 ponemus.
1600 3242 1690 3306 At
1780 3264 1935 3307 vero
1982 3241 2382 3328 Liutprand1,

123 3336 484 3415 postquam
511 3326 771 3413 triginta
800 3337 863 3393 et
883 3339 1057 3391 unom
1087 3328 1268 3391 annis
1291 3330 1692 3418 *septemque
1720 3324 2047 3391 mensibus
2078 3335 2379 3411 regnum¹¹
2404 3348 2422 3368 ·
2441 3362 2488 3404 p.
2522 3352 2623 3395 18‘1.

123 3455 178 3507 a)
229 3453 524 3494 Bandolimu
571 3452 613 3494 G
643 3454 715 3495 5a.
749 3464 797 3502 ος
870 3454 1143 3493 Blandolitu
1188 3464 1306 3493 corr.
1352 3453 1659 3493 Blandolinus
1706 3452 1747 3493 G
1783 3455 1831 3502 13
1908 3451 2215 3492 Blandolhms
2265 3450 2306 3491 G
2336 3451 2380 3491 4.

120 3514 175 3566 b)
215 3512 426 3562 graciam
457 3512 493 3551 F
528 3513 568 3555 1.
691 3509 732 3561 r)
763 3512 932 3561 reliqna
962 3513 1011 3552 in
1043 3512 1085 3552 G
1118 3514 1140 3551 1
1183 3513 1254 3551 vioe
1283 3512 1363 3561 1092·
1390 3516 1591 3560 possum.
1708 3509 1755 3561 d)
1788 3520 1971 3560 semper
2002 3511 2039 3551 F
2073 3512 2113 3552 1.
2238 3508 2281 3561 ο)
2315 3520 2387 3560 pr.

122 3572 343 3613 dicebat.
377 3571 533 3610 desinit
562 3567 605 3610 Κ
636 3571 677 3622 2,
709 3571 895 3610 addens:
935 3570 1065 3610 Finis
1096 3581 1182 3612 sex
1211 3570 1321 3610 libri
1353 3573 1400 3609 et
1429 3570 1596 3610 ultimi.
1730 3569 1769 3621 f)
1800 3570 1908 3609 dum
1940 3567 1982 3609 A
2014 3570 2058 3609 2.
2093 3565 2156 3610 ‘8.
2192 3569 2243 3619 ὃς
2276 3570 2389 3609 ἆσαι

126 3633 186 3673 C.
227 3629 271 3671 G
307 3630 358 3678 23
404 3639 442 3670 r.
476 3629 529 3673 L.
562 3640 666 3669 cum
696 3630 748 3668 in
778 3629 822 3669 D
856 3630 896 3671 3.
1049 3627 1095 3682 g)
1129 3639 1312 3669 servum
1356 3626 1398 3667 A
1431 3630 1471 3669 2.
1504 3629 1539 3670 C
1572 3631 1613 3669 1.
1645 3628 1683 3667 F
1719 3630 1759 3669 1.
1897 3626 1944 3678 h)
1978 3630 2243 3677 percuteret
2275 3628 2313 3667 F
2349 3630 2388 3667 1.

120 3690 163 3742 i)
203 3687 440 3729 Animum
470 3686 512 3727 A
545 3683 607 3728 ⁸8.
758 3686 809 3739 k)
840 3688 1136 3728 incommoda
1163 3688 1202 3727 F
1237 3689 1284 3737 13
1335 3688 1629 3727 incommoda
1657 3687 1694 3727 F
1725 3687 1768 3726 4.
1804 3684 1859 3727 G.
1914 3707 1967 3716 —
2000 3688 2100 3726 eius
2131 3688 2245 3727 deest
2277 3686 2312 3727 G
2348 3688 2388 3726 1.

123 3772 182 3780 —
221 3748 436 3787 lamenta
463 3747 502 3786 F
539 3748 585 3795 13
619 3747 873 3787 lamentare
907 3746 942 3787 Ο
978 3749 1016 3787 1.
1050 3745 1091 3788 G
1124 3748 1164 3786 2.
1285 3744 1320 3797 l)
1352 3746 1521 3795 reliqua
1550 3746 1599 3786 in
1630 3746 1669 3785 A
1704 3746 1726 3783 1
1761 3745 1842 3794 leet·
1871 3748 2099 3795 nequount.
2224 3744 2288 3797 m)
2321 3750 2392 3785 est

115 3810 157 3848 F
199 3806 550 3855 1.-postulas
583 3804 632 3847 Ο.
667 3806 724 3844 D.
753 3806 792 3845 B
824 3807 868 3847 4.
907 3807 1086 3845 -1am
1115 3805 1225 3845 deest
1256 3804 1305 3846 Ο.
1337 3805 1394 3846 D.
1425 3805 1448 3844 1
1483 3807 1522 3843 1.
1614 3801 1660 3854 n)
1690 3803 1753 3843 ita
1785 3801 1885 3843 ΔΞ.
1921 3803 1955 3844 0
1990 3805 2030 3843 1.
2062 3804 2161 3845 1³1.
2196 3802 2238 3845 G
2270 3806 2312 3845 2.
2348 3803 2389 3844 ³.

115 3869 170 3920 ο)
211 3863 350 3905 missi
381 3862 570 3904 fuerant
598 3864 689 3905 Pl.
807 3863 857 3915 p)
891 3863 1058 3906 effectu
1091 3862 1192 3905 G2.
1314 3861 1362 3911 q)
1393 3873 1553 3902 novum
1583 3861 1667 3903 ino.
1700 3862 1847 3910 0021*
1868 3863 1908 3903 1.
2012 3859 2052 3912 r)
2089 3862 2148 3902 ad
2180 3861 2247 3916 (at
2280 3860 2321 3902 G
2344 3858 2391 3911 2)

117 3926 178 3967 F.
222 3922 280 3964 G.
322 3944 373 3952 —
405 3923 577 3963 Boron.
610 3922 645 3963 0
680 3924 718 3963 1.
753 3924 795 3962 2.
827 3923 865 3961 P
899 3924 921 3962 1
1075 3921 1115 3974 s)
1148 3921 1325 3962 Theud.
1361 3920 1402 3961 G
1433 3922 1485 3970 23
1532 3920 1709 3962 Theod.
1745 3919 1780 3961 Ο
1813 3921 1854 3961 1.
1887 3921 1930 3960 D
1966 3921 2008 3961 2.
2042 3921 2087 3960 8.
2236 3918 2271 3970 t)
2306 3919 2390 3958 mi-

115 3982 331 4023 randam
360 3981 399 4020 F
419 3982 459 4021 1.
582 3977 630 4032 u)
659 3981 874 4031 spiritum
905 3982 941 4020 F
962 3983 1002 4022 1.
1124 3980 1170 4030 v)
1203 3990 1362 4019 novum
1390 3980 1474 4020 ino.
1509 3990 1604 4029 cap.
1635 3980 1674 4019 Ε
1708 3980 1749 4018 1.
1779 3978 1817 4017 Ε·
1842 3980 1878 4020 1.
1999 3977 2061 4029 w)
2095 3977 2251 4017 aee-‘nie
2284 3976 2325 4017 G
2346 3977 2388 4015 1.

115 4042 172 4092 x)
207 4041 329 4079 deut
358 4040 396 4078 1⁴*
432 4040 471 4080 1.
623 4038 671 4090 y)
704 4040 814 4079 dem
847 4039 910 4088 G3
957 4044 1004 4081 et
1035 4039 1092 4080 ab
1139 4039 1183 4079 H
1216 4040 1267 4088 23
1314 4038 1425 4087 quia.
1457 4048 1498 4080 e.
1531 4048 1568 4077 c.
1600 4036 1807 4079 Ariberti
1852 4037 2085 4087 quondam
2133 4036 2260 4084 regis
2311 4044 2387 4083 ap.

118 4102 166 4142 G
203 4099 343 4140 5a.c.
374 4099 397 4137 1
431 4096 491 4137 2⁴?
611 4100 653 4148 z)
686 4099 841 4138 decinit
873 4097 974 4140 G2.
1096 4095 1141 4148 a)
1176 4096 1339 4138 Sabini
1369 4095 1410 4136 A
1439 4098 1480 4137 2.
1514 4096 1551 4135 F
1571 4098 1593 4135 1
1629 4095 1697 4149 (S.
1729 4095 1826 4146 m.).
1944 4094 1992 4146 b)
2027 4094 2097 4133 vir
2128 4092 2180 4136 Ο.
2211 4094 2268 4134 D.
2301 4094 2325 4132 1
2347 4094 2387 4132 1.

117 4161 164 4212 c)
205 4156 350 4205 Quod
383 4155 426 4196 G
455 4157 497 4197 4.
529 4155 608 4205 503
640 4157 732 4204 Qui
761 4167 811 4207 p.
844 4168 947 4197 cum
979 4157 1222 4207 episeopus
1256 4156 1402 4195 tactus
1434 4156 1597 4195 suisset
1625 4156 1668 4195 D
1703 4154 1747 4207 (1
1762 4153 1818 4205 ἲ).
1851 4154 1910 4194 Η.
2032 4151 2078 4201 d)
2113 4152 2225 4191 dem
2259 4151 2300 4192 G
2332 4152 2388 4199 τις

111 4218 258 4259 beati
293 4214 332 4257 0
363 4215 446 4264 41³3
492 4215 700 4255 eiusdem
730 4215 856 4255 beati
885 4216 1088 4255 martiris
1120 4214 1283 4255 savini
1330 4213 1365 4255 Ο
1401 4214 1529 4255 1-3.
1575 4214 1631 4253 D.
1784 4212 1828 4263 e)
1862 4212 2026 4252 eadem
2070 4220 2093 4249 e
2122 4220 2237 4252 corr.
2270 4210 2308 4249 F
2345 4211 2388 4249 1.

115 4277 158 4328 f)
199 4274 364 4314 desinit
396 4274 437 4313 A
468 4270 530 4315 ⁸4.
651 4271 698 4324 g)
734 4273 874 4314 Cuius
912 4296 963 4304 —
1005 4283 1230 4325 ponemus
1261 4273 1347 4313 dea.
1382 4272 1405 4311 1
1439 4273 1479 4311 2.
1603 4270 1653 4322 h)
1685 4272 1797 4311 deest
1829 4269 1864 4310 Ο
1900 4272 1938 4309 1.
2060 4266 2094 4319 1)
2123 4269 2237 4308 deest
2269 4268 2312 4307 A
2346 4268 2389 4306 2.

113 4334 172 4386 k)
211 4343 381 4373 novum
411 4332 492 4371 inc.
523 4342 618 4382 cap.
652 4331 752 4374 A4.
786 4333 824 4373 E}
860 4334 900 4375 1.
932 4332 968 4372 F
989 4334 1029 4374 1.
1063 4333 1104 4374 5.
1197 4330 1232 4382 1)
1268 4341 1349 4371 rex
1379 4329 1481 4372 aad.
1518 4328 1567 4372 Ο.
1602 4330 1659 4371 D.
1756 4327 1819 4380 m)
1852 4328 1943 4367 duo
1974 4326 2009 4367 C
2044 4328 2082 4367 1.
2178 4325 2226 4378 n)
2262 4326 2391 4377 prin-

123 4394 354 4443 cipatum
387 4391 438 4431 C,
473 4392 532 4432 D.
564 4392 602 4431 B
635 4392 680 4433 4.
1836 4444 1901 4495 16
