2984 4917
353 1214 708 1303 Historiae
748 1237 1353 1323 Lanyobardorum,
1412 1261 1579 1323 quae
1620 1260 1794 1322 prae
1836 1239 2058 1302 ceteris
2103 1240 2403 1323 operibus

192 1315 396 1383 Pauli
430 1320 807 1387 Casinensis
834 1324 1207 1387 memoriam
1229 1323 1516 1406 posteris
1544 1325 1841 1403 servavit,
1885 1322 2222 1386 editionem
2268 1321 2403 1387 luci

192 1399 495 1487 daturus,
539 1428 671 1469 non
703 1428 979 1491 possum
1021 1407 1183 1490 quin
1225 1405 1414 1471 valde
1456 1406 1726 1487 doleam,
1770 1406 2169 1470 Ludovicum
2212 1407 2401 1470 Beth-

193 1506 510 1551 mannum
562 1489 617 1551 b.
672 1513 752 1553 m.
762 1538 784 1572 ,
844 1491 959 1574 qui
1017 1498 1164 1553 ante
1213 1489 1372 1574 plus
1429 1512 1623 1574 quam
1682 1490 2133 1575 quadrayinta
2192 1512 2401 1556 annos

192 1590 335 1634 eam
376 1574 741 1637 curandam
785 1574 1092 1657 suscepit,
1151 1575 1211 1637 ei
1254 1596 1331 1637 ue
1374 1582 1504 1636 tam
1549 1574 1725 1637 domi
1764 1596 1958 1657 quam
2051 1595 2121 1635 er
2160 1574 2399 1637 itinera

191 1653 268 1714 in
313 1651 691 1738 Germania,
757 1656 1140 1739 Hollandia,
1270 1658 1498 1743 elyica,
1566 1655 1793 1720 Gallia
1850 1666 1907 1720 et
1995 1654 2160 1719 talia
2196 1657 2399 1741 facta

192 1758 228 1800 o
281 1759 459 1802 eram
521 1740 918 1824 indefessam
982 1742 1283 1824 navavit,
1341 1742 1502 1827 quin
1559 1744 1685 1805 imo
1740 1762 1968 1804 nomen
2023 1761 2215 1805 suum
2258 1765 2399 1805 cum

251 1820 395 1885 auli
437 1825 693 1887 nomine
735 1826 832 1889 ita
875 1826 1248 1909 conjunaeit,
1306 1834 1378 1887 ut
1434 1825 1548 1887 υἰω
1590 1847 1897 1909 umquam
1940 1823 2160 1888 divelli
2204 1847 2399 1908 posse

191 1904 562 1985 videantur,
608 1907 1050 1991 imperfectam
1091 1909 1264 1972 hanc
1293 1908 1482 1971 telam
1510 1908 1865 1994 reliquisse.
1959 1908 2169 1982 Quam
2194 1907 2400 1989 finire

192 1997 251 2053 et
297 2011 461 2073 opus
504 1991 624 2054 diu
667 2000 1098 2076 eaespectatum
1128 2014 1323 2076 quam
1354 1992 1647 2075 primum
1672 1991 1931 2076 publici
1959 1992 2143 2075 juris
2166 1990 2401 2077 facere

172 2070 305 2156 fas
357 2073 545 2138 duxi.
631 2072 762 2139 Sed
811 2076 884 2139 id
943 2075 1293 2160 adqressus
1347 2098 1481 2139 non
1522 2084 1745 2159 potui,
1812 2076 1971 2160 quin
2023 2078 2401 2159 praecipua

193 2156 502 2220 editionis
545 2159 841 2222 subsidia
878 2158 1225 2244 diliyenter
1266 2166 1323 2221 et
1363 2160 1392 2221 i
1438 2179 1505 2220 se
1535 2170 1994 2242 perscrutarer
2020 2180 2219 2243 eaque
2264 2162 2401 2243 qui·

193 2240 313 2304 bus
355 2238 463 2304 ille
506 2241 795 2305 nondum
837 2264 997 2306 usus
1041 2251 1181 2305 erat
1224 2182 1613 2305 adhiberem.
1704 2239 1841 2315 Quo
1882 2241 2201 2305 adductus
2237 2265 2399 2321 sum,

195 2331 267 2387 ut
309 2345 546 2389 novam
587 2334 793 2389 teoetus
836 2326 1266 2389 recensionem
1309 2325 1735 2409 instituerem,
1790 2326 1869 2389 de
1912 2327 2102 2411 cujus
2132 2326 2397 2410 funda—

193 2416 398 2471 mento
443 2417 499 2471 et
541 2410 796 2473 ratione
838 2431 869 2471 e
917 2410 946 2473 i
985 2410 1058 2473 in
1088 2408 1462 2473 Annalibus
1493 2411 1734 2473 nostris
1779 2406 2026 2491 (Neues
2058 2407 2302 2473 Archiv
2347 2411 2397 2487 I,

181 2513 258 2574 p.
303 2489 428 2555 535
470 2514 604 2576 sqq.
605 2496 661 2573 ).
753 2491 836 2557 Co
883 2495 1056 2557 icum
1118 2516 1264 2557 vero
1330 2493 1822 2577 descriptionem
1888 2516 1929 2556 a
1991 2493 2399 2558 Betbmanno

193 2584 562 2659 conceptam
605 2586 920 2659 quantum
953 2578 1152 2660 potui
1207 2578 1478 2657 retinui,
1546 2578 1775 2640 ordine
1824 2576 2104 2660 paulum
2158 2586 2397 2641 mutato

189 2660 401 2743 iisque
445 2660 692 2723 additis
732 2669 790 2724 et
829 2662 1090 2724 mutatis
1131 2682 1296 2744 quae
1326 2662 1696 2724 necessaria
1739 2661 1883 2723 visa
1926 2670 2096 2723 sunt.
2180 2662 2399 2725 Etiam

191 2743 271 2806 de
314 2742 514 2807 Pauli
564 2744 700 2807 vita
755 2752 813 2807 et
866 2744 1166 2827 operibus
1222 2744 1592 2808 Betkmann
1658 2744 2107 2807 dissertatione
2174 2744 2400 2809 celebri

190 2827 560 2911 germanice
610 2827 857 2912 scripta
875 2825 1118 2974 [usius
1161 2850 1240 2891 ex
1291 2830 1459 2892 osuit
1502 2826 1781 2909 (Archiv
1810 2828 1889 2908 X,
1936 2851 2011 2913 p.
2042 2828 2164 2892 247
2208 2850 2339 2912 sqq.
2343 2832 2399 2909 ),

191 2911 304 2974 sed
355 2911 492 2994 ipsi
544 2911 819 2975 editioni
919 2934 1030 2975 aec
1085 2934 1217 2975 non
1268 2934 1377 2974 um
1435 2913 1708 2994 aptavit.
1793 2912 1880 2973 Et
1922 2934 2135 2996 nuper
2195 2913 2255 2975 V.
2306 2912 2396 2977 Gt.

188 2994 264 3055 F.
309 2994 547 3074 Dalm,
604 3003 674 3057 ut
715 3017 952 3059 novam
992 2996 1224 3080 maqni
1266 2997 1374 3059 sui
1417 2996 1631 3079 operis
1676 2995 1753 3058 de
1795 2996 2056 3079 reyibus
2100 2998 2395 3081 antiquo·

188 3098 338 3139 rum
370 3075 844 3142 Germanorum
875 3087 1325 3163 praepararet
1342 3088 1601 3162 partem
1630 3079 1719 3141 ad
1747 3078 2217 3163 Lanqobardos
2298 3101 2396 3142 er-

187 3162 510 3241 tinentem,
555 3162 822 3226 eandem
849 3159 1038 3225 telam
1068 3162 1408 3225 teoeendam
1438 3163 1664 3225 sumsit
1706 3170 1761 3224 et
1792 3184 1923 3224 non
1954 3184 2181 3244 pauca
2211 3102 2399 3225 aliter

188 3266 322 3308 esse
366 3244 778 3330 disponenda
805 3246 1157 3331 judicavit.
1249 3242 1432 3319 Quae
1474 3245 1767 3330 quamvis
1812 3268 1941 3307 non
1991 3245 2209 3308 omnia
2240 3267 2395 3329 pro-

185 3326 343 3391 bare
378 3331 650 3412 possim,
694 3352 829 3394 non
871 3352 1078 3393 meum
1121 3328 1290 3392 duoei
1331 3350 1762 3412 quaecumque
1804 3328 2003 3391 dubia
2047 3338 2103 3391 et
2145 3330 2397 3392 incerta

185 3402 540 3475 videantur
581 3413 696 3477 hoc
737 3412 872 3477 loco
896 3411 1136 3497 fusius
1166 3413 1500 3493 discutere,
1546 3412 1814 3475 breviter
1842 3420 2094 3475 tantum
2122 3436 2200 3476 ea
2230 3436 2396 3497 quae

188 3496 267 3558 de
309 3497 621 3579 scriptore
679 3492 1076 3563 celeberrimo
1135 3505 1462 3580 comperta
1513 3496 1817 3560 habemus
1872 3517 2189 3580 eaeponere
2248 3519 2393 3560 con-

183 3586 414 3643 tentus.

362 3661 546 3737 Quae
587 3685 667 3727 ex
708 3664 922 3747 ipsius
962 3663 1162 3729 Pauli
1203 3663 1463 3747 scriptis
1506 3663 1808 3727 docemur
1850 3664 2005 3726 haec
2030 3660 2183 3745 fere
2226 3672 2395 3726 sunt.

183 3745 408 3809 Natus
462 3756 605 3811 erat
649 3756 844 3831 patre
900 3745 1351 3830 WarnefridO,
1407 3755 1614 3811 matre
1660 3746 2128 3811 Theudelinda.
2214 3746 2396 3810 Avus

185 3830 476 3911 Arichis,
523 3852 825 3915 proavus
868 3830 960 3893 Lo
1009 3831 1177 3894 icbis
1220 3829 1317 3895 vel
1359 3831 1700 3915 Lupichis,
1764 3830 2009 3894 abavus
2051 3829 2397 3914 Leupchis,

182 3914 305 3998 qui
345 3914 463 3977 sub
508 3912 792 3978 Albuino
833 3852 1099 3979 Italffam
1153 3915 1398 3979 venisse
1456 3922 1799 3977 narratur.
1882 3913 2075 3979 Filiis
2128 3916 2269 4000 ejus
2315 3914 2395 3977 ab

183 3995 435 4061 Avaris
477 3998 550 4061 in
595 3999 1030 4082 captivitatem
1074 3998 1304 4077 ductis,
1350 4020 1526 4061 unus
1570 4019 1789 4062 eorum
1814 3994 2003 4095 fuya
2030 3997 2291 4081 elapsus
2324 4000 2400 4061 in

169 4082 480 4164 patriam
506 4082 719 4164 rediit,
763 4084 880 4165 qui
906 4083 980 4146 in
1003 4082 1358 4166 provincia
1387 4081 1827 4166 Forojuliensi
1846 4091 1865 4127 ¹
1910 4082 2190 4146 ‘domum
2221 4103 2395 4145 reae-

347 4253 402 4317 1)
439 4252 662 4305 Fratres
698 4261 764 4305 σω
783 4261 967 4305 castro
1003 4252 1356 4321 Foroiuliensi
1393 4254 1459 4303 ab
1495 4251 1693 4305 Avaris
1730 4251 1943 4305 deducti
1980 4253 2263 4314 dicuntur-,-
2299 4254 2392 4302 sed

177 4324 408 4382 fortasse
457 4325 574 4377 belli
611 4332 835 4392 tempore
873 4324 956 4378 hie
993 4342 1077 4378 eos
1113 4334 1341 4377 moratos
1379 4342 1507 4391 esse,
1565 4325 1730 4377 Dalm
1756 4343 1819 4393 p.
1860 4328 1912 4377 3.
1950 4326 2166 4378 monuit.
2245 4323 2391 4376 C'erte

1909 4426 1937 4473 1
