<?xml version="1.0" encoding="UTF-8"?>
<!DOCTYPE html PUBLIC "-//W3C//DTD XHTML 1.0 Transitional//EN"
    "http://www.w3.org/TR/xhtml1/DTD/xhtml1-transitional.dtd">
<html xmlns="http://www.w3.org/1999/xhtml" xml:lang="en" lang="en">
 <head>
  <title>
</title>
<meta http-equiv="Content-Type" content="text/html;charset=utf-8" />
  <meta name='ocr-system' content='tesseract 3.04.00' />
  <meta name='ocr-capabilities' content='ocr_page ocr_carea ocr_par ocr_line ocrx_word'/>
</head>
<body>
  <div class='ocr_page' id='page_1' title='image "./scriptoresrerum05unkngoog_0074.png"; bbox 0 0 2984 4917; ppageno 0'>
   <div class='ocr_carea' id='block_1_1' title="bbox 257 1776 364 1831">
    <p class='ocr_par' dir='ltr' id='par_1_1' title="bbox 257 1776 364 1831">
     <span class='ocr_line' id='line_1_1' title="bbox 257 1776 364 1831; baseline 0.019 -2"><span class='ocrx_word' id='word_1_1' title='bbox 257 1776 364 1831; x_wconf 54' lang='lat' dir='ltr'><strong>‹ti-‘³</strong></span> 
     </span>
    </p>
   </div>
   <div class='ocr_carea' id='block_1_2' title="bbox 591 400 2523 456">
    <p class='ocr_par' dir='ltr' id='par_1_2' title="bbox 591 400 2523 456">
     <span class='ocr_line' id='line_1_2' title="bbox 591 400 2523 456; baseline -0.001 -1"><span class='ocrx_word' id='word_1_2' title='bbox 591 406 661 455; x_wconf 81' lang='lat'><strong>64</strong></span> <span class='ocrx_word' id='word_1_3' title='bbox 901 402 1118 456; x_wconf 85' lang='lat' dir='ltr'><strong>PAULI</strong></span> <span class='ocrx_word' id='word_1_4' title='bbox 1158 402 1505 456; x_wconf 83' lang='lat' dir='ltr'><strong>HISTORIA</strong></span> <span class='ocrx_word' id='word_1_5' title='bbox 1542 400 2216 455; x_wconf 82' lang='lat' dir='ltr'>LANGOBARDORUM.</span> <span class='ocrx_word' id='word_1_6' title='bbox 2290 401 2438 454; x_wconf 88' lang='lat' dir='ltr'><strong>LIB.</strong></span> <span class='ocrx_word' id='word_1_7' title='bbox 2477 403 2523 454; x_wconf 90' lang='grc' dir='ltr'><strong>Ι.</strong></span> 
     </span>
    </p>
   </div>
   <div class='ocr_carea' id='block_1_3' title="bbox 585 568 2839 1329">
    <p class='ocr_par' dir='ltr' id='par_1_3' title="bbox 585 568 2839 995">
     <span class='ocr_line' id='line_1_3' title="bbox 757 568 2838 655; baseline 0.001 -22"><span class='ocrx_word' id='word_1_8' title='bbox 757 570 855 636; x_wconf 87' lang='grc'><strong>18.</strong></span> <span class='ocrx_word' id='word_1_9' title='bbox 941 570 1265 635; x_wconf 80' lang='lat' dir='ltr'><strong>Defuncto</strong></span> <span class='ocrx_word' id='word_1_10' title='bbox 1283 583 1304 617; x_wconf 85' lang='lat'>¹</span> <span class='ocrx_word' id='word_1_11' title='bbox 1371 579 1519 655; x_wconf 88' lang='lat' dir='ltr'><strong>post</strong></span> <span class='ocrx_word' id='word_1_12' title='bbox 1581 570 1740 635; x_wconf 91' lang='lat' dir='ltr'><strong>haec</strong></span> <span class='ocrx_word' id='word_1_13' title='bbox 1800 570 2234 651; x_wconf 86' lang='lat' dir='ltr'><strong>Lamissione,</strong></span> <span class='ocrx_word' id='word_1_14' title='bbox 2363 570 2434 639; x_wconf 85' lang='lat' dir='ltr'><strong>ui</strong></span> <span class='ocrx_word' id='word_1_15' title='bbox 2520 568 2838 635; x_wconf 85' lang='lat' dir='ltr'><strong>secundus</strong></span> 
     </span>
     <span class='ocr_line' id='line_1_4' title="bbox 587 652 2838 743; baseline -0.002 -23"><span class='ocrx_word' id='word_1_16' title='bbox 587 664 994 743; x_wconf 84' lang='lat' dir='ltr'><strong>regnaverat,</strong></span> <span class='ocrx_word' id='word_1_17' title='bbox 1047 656 1272 720; x_wconf 87' lang='lat' dir='ltr'><strong>tertius</strong></span> <span class='ocrx_word' id='word_1_18' title='bbox 1339 655 1422 718; x_wconf 88' lang='lat' dir='ltr'><strong>ad</strong></span> <span class='ocrx_word' id='word_1_19' title='bbox 1485 654 1669 739; x_wconf 87' lang='lat' dir='ltr'><strong>regni</strong></span> <span class='ocrx_word' id='word_1_20' title='bbox 1726 652 2161 741; x_wconf 86' lang='lat' dir='ltr'><strong>gubernacula</strong></span> <span class='ocrx_word' id='word_1_21' title='bbox 2221 653 2344 719; x_wconf 86' lang='lat' dir='ltr'><strong>Let</strong></span> <span class='ocrx_word' id='word_1_22' title='bbox 2388 664 2471 717; x_wconf 73' lang='lat' dir='ltr'><strong>ua</strong></span> <span class='ocrx_word' id='word_1_23' title='bbox 2525 652 2838 719; x_wconf 87' lang='lat' dir='ltr'><strong>ascendit.</strong></span> 
     </span>
     <span class='ocr_line' id='line_1_5' title="bbox 589 736 2839 825; baseline -0.001 -21"><span class='ocrx_word' id='word_1_24' title='bbox 589 741 719 822; x_wconf 82' lang='lat' dir='ltr'><strong>Qui</strong></span> <span class='ocrx_word' id='word_1_25' title='bbox 749 762 896 804; x_wconf 90' lang='lat' dir='ltr'><strong>cum</strong></span> <span class='ocrx_word' id='word_1_26' title='bbox 927 740 1350 825; x_wconf 78' lang='lat' dir='ltr'><strong>quadraginta</strong></span> <span class='ocrx_word' id='word_1_27' title='bbox 1375 737 1574 807; x_wconf 79' lang='lat' dir='ltr'><strong>ferme</strong></span> <span class='ocrx_word' id='word_1_28' title='bbox 1604 760 1804 802; x_wconf 90' lang='lat' dir='ltr'><strong>annos</strong></span> <span class='ocrx_word' id='word_1_29' title='bbox 1828 748 2173 825; x_wconf 78' lang='lat' dir='ltr'>regnasset,</span> <span class='ocrx_word' id='word_1_30' title='bbox 2218 737 2494 804; x_wconf 87' lang='lat' dir='ltr'><strong>Hildeoc</strong></span> <span class='ocrx_word' id='word_1_31' title='bbox 2510 737 2539 780; x_wconf 60' lang='grc' dir='ltr'><strong>θ</strong></span> <span class='ocrx_word' id='word_1_32' title='bbox 2570 736 2781 802; x_wconf 91' lang='lat' dir='ltr'><strong>filium</strong></span> <span class='ocrx_word' id='word_1_33' title='bbox 2795 750 2839 821; x_wconf 76' lang='lat'><strong>⁰,</strong></span> 
     </span>
     <span class='ocr_line' id='line_1_6' title="bbox 588 819 2838 923; baseline -0.002 -34"><span class='ocrx_word' id='word_1_34' title='bbox 588 826 708 912; x_wconf 85' lang='lat' dir='ltr'><strong>qui&#39;</strong></span> <span class='ocrx_word' id='word_1_35' title='bbox 744 832 1007 909; x_wconf 86' lang='lat' dir='ltr'><strong>quartus</strong></span> <span class='ocrx_word' id='word_1_36' title='bbox 1036 824 1105 886; x_wconf 86' lang='lat' dir='ltr'><strong>in</strong></span> <span class='ocrx_word' id='word_1_37' title='bbox 1147 844 1414 887; x_wconf 89' lang='lat' dir='ltr'><strong>numero</strong></span> <span class='ocrx_word' id='word_1_38' title='bbox 1442 822 1581 903; x_wconf 85' lang='lat' dir='ltr'><strong>fuit,</strong></span> <span class='ocrx_word' id='word_1_39' title='bbox 1623 823 1805 908; x_wconf 88' lang='lat' dir='ltr'><strong>regni</strong></span> <span class='ocrx_word' id='word_1_40' title='bbox 1850 842 2284 888; x_wconf 81' lang='lat' dir='ltr'><strong>successorem</strong></span> <span class='ocrx_word' id='word_1_41' title='bbox 2326 821 2603 923; x_wconf 84' lang='lat' dir='ltr'><strong>reliquit.</strong></span> <span class='ocrx_word' id='word_1_42' title='bbox 2688 819 2838 887; x_wconf 91' lang='lat' dir='ltr'><strong>Hoc</strong></span> 
     </span>
     <span class='ocr_line' id='line_1_7' title="bbox 585 905 2525 995; baseline -0.001 -23"><span class='ocrx_word' id='word_1_43' title='bbox 585 929 840 995; x_wconf 91' lang='lat' dir='ltr'><strong>quoque</strong></span> <span class='ocrx_word' id='word_1_44' title='bbox 883 905 1202 989; x_wconf 81' lang='lat' dir='ltr'><strong>defunctO,</strong></span> <span class='ocrx_word' id='word_1_45' title='bbox 1246 907 1506 993; x_wconf 87' lang='lat' dir='ltr'><strong>quintus</strong></span> <span class='ocrx_word' id='word_1_46' title='bbox 1552 906 1867 971; x_wconf 70' lang='lat' dir='ltr'><strong>Gudeoed</strong></span> <span class='ocrx_word' id='word_1_47' title='bbox 1909 928 2178 992; x_wconf 87' lang='lat' dir='ltr'><strong>regnum</strong></span> <span class='ocrx_word' id='word_1_48' title='bbox 2221 916 2525 993; x_wconf 79' lang='lat' dir='ltr'><strong>suscepit.</strong></span> 
     </span>
    </p>

    <p class='ocr_par' dir='ltr' id='par_1_4' title="bbox 587 988 2837 1329">
     <span class='ocr_line' id='line_1_8' title="bbox 760 988 2837 1077; baseline -0.001 -22"><span class='ocrx_word' id='word_1_49' title='bbox 760 992 858 1059; x_wconf 88' lang='lat'><strong>19.</strong></span> <span class='ocrx_word' id='word_1_50' title='bbox 943 991 1065 1055; x_wconf 88' lang='lat' dir='ltr'><strong>His</strong></span> <span class='ocrx_word' id='word_1_51' title='bbox 1112 988 1509 1077; x_wconf 84' lang='lat' dir='ltr'><strong>temporibus</strong></span> <span class='ocrx_word' id='word_1_52' title='bbox 1565 991 1733 1055; x_wconf 91' lang='lat' dir='ltr'><strong>inter</strong></span> <span class='ocrx_word' id='word_1_53' title='bbox 1772 988 2126 1075; x_wconf 62' lang='lat' dir='ltr'><strong>odoacare,</strong></span> <span class='ocrx_word' id='word_1_54' title='bbox 2175 991 2285 1077; x_wconf 91' lang='lat' dir='ltr'><strong>qui</strong></span> <span class='ocrx_word' id='word_1_55' title='bbox 2328 990 2396 1054; x_wconf 92' lang='lat' dir='ltr'><strong>in</strong></span> <span class='ocrx_word' id='word_1_56' title='bbox 2442 988 2668 1055; x_wconf 75' lang='lat' dir='ltr'><strong>Italiaf</strong></span> <span class='ocrx_word' id='word_1_57' title='bbox 2718 1012 2837 1075; x_wconf 88' lang='lat' dir='ltr'><strong>per</strong></span> 
     </span>
     <span class='ocr_line' id='line_1_9' title="bbox 587 1072 2835 1161; baseline -0.001 -22"><span class='ocrx_word' id='word_1_58' title='bbox 587 1075 850 1161; x_wconf 87' lang='lat' dir='ltr'><strong>aliquod</strong></span> <span class='ocrx_word' id='word_1_59' title='bbox 876 1075 1005 1139; x_wconf 85' lang='lat' dir='ltr'><strong>iam</strong></span> <span class='ocrx_word' id='word_1_60' title='bbox 1036 1096 1236 1139; x_wconf 86' lang='lat' dir='ltr'><strong>annos</strong></span> <span class='ocrx_word' id='word_1_61' title='bbox 1263 1075 1594 1160; x_wconf 83' lang='lat' dir='ltr'><strong>regnabat,</strong></span> <span class='ocrx_word' id='word_1_62' title='bbox 1620 1082 1682 1140; x_wconf 89' lang='lat' dir='ltr'><strong>et</strong></span> <span class='ocrx_word' id='word_1_63' title='bbox 1708 1073 2098 1157; x_wconf 87' lang='lat' dir='ltr'><strong>Feletheum,</strong></span> <span class='ocrx_word' id='word_1_64' title='bbox 2146 1074 2258 1161; x_wconf 91' lang='lat' dir='ltr'><strong>qui</strong></span> <span class='ocrx_word' id='word_1_65' title='bbox 2286 1085 2351 1140; x_wconf 91' lang='lat' dir='ltr'><strong>et</strong></span> <span class='ocrx_word' id='word_1_66' title='bbox 2376 1074 2597 1141; x_wconf 63' lang='lat' dir='ltr'><strong>Fevan</strong></span> <span class='ocrx_word' id='word_1_67' title='bbox 2626 1072 2835 1138; x_wconf 83' lang='lat' dir='ltr'><strong>dictus</strong></span> 
     </span>
     <span class='ocr_line' id='line_1_10' title="bbox 600 1158 2835 1259; baseline -0.001 -36"><span class='ocrx_word' id='word_1_68' title='bbox 600 1168 712 1241; x_wconf 88' lang='lat' dir='ltr'><strong>est,</strong></span> <span class='ocrx_word' id='word_1_69' title='bbox 757 1159 1089 1245; x_wconf 85' lang='lat' dir='ltr'><strong>Rugorum</strong></span> <span class='ocrx_word' id='word_1_70' title='bbox 1119 1181 1355 1259; x_wconf 81' lang='lat' dir='ltr'><strong>regem,</strong></span> <span class='ocrx_word' id='word_1_71' title='bbox 1385 1180 1767 1244; x_wconf 86' lang='lat' dir='ltr'><strong>magnarum</strong></span> <span class='ocrx_word' id='word_1_72' title='bbox 1797 1159 2275 1224; x_wconf 82' lang='lat' dir='ltr'><strong>inimicitiarum</strong></span> <span class='ocrx_word' id='word_1_73' title='bbox 2304 1158 2507 1223; x_wconf 89' lang='lat' dir='ltr'><strong>fomes</strong></span> <span class='ocrx_word' id='word_1_74' title='bbox 2538 1158 2835 1224; x_wconf 78' lang='lat' dir='ltr'><strong>exarsit2.</strong></span> 
     </span>
     <span class='ocr_line' id='line_1_11' title="bbox 591 1240 2837 1329; baseline 0 -23"><span class='ocrx_word' id='word_1_75' title='bbox 591 1243 721 1324; x_wconf 82' lang='lat' dir='ltr'><strong>Qui</strong></span> <span class='ocrx_word' id='word_1_76' title='bbox 757 1242 1094 1309; x_wconf 89' lang='lat' dir='ltr'><strong>Feletheus</strong></span> <span class='ocrx_word' id='word_1_77' title='bbox 1121 1242 1244 1308; x_wconf 81' lang='lat' dir='ltr'><strong>illls</strong></span> <span class='ocrx_word' id='word_1_78' title='bbox 1273 1243 1503 1309; x_wconf 86' lang='lat' dir='ltr'><strong>diebus</strong></span> <span class='ocrx_word' id='word_1_79' title='bbox 1542 1241 1903 1308; x_wconf 83' lang='lat' dir='ltr'><strong>ulteriorem</strong></span> <span class='ocrx_word' id='word_1_80' title='bbox 1932 1240 2223 1308; x_wconf 87' lang='lat' dir='ltr'><strong>Danubii</strong></span> <span class='ocrx_word' id='word_1_81' title='bbox 2250 1242 2460 1329; x_wconf 87' lang='lat' dir='ltr'><strong>ripam</strong></span> <span class='ocrx_word' id='word_1_82' title='bbox 2488 1240 2837 1323; x_wconf 87' lang='lat' dir='ltr'><strong>incolebat,</strong></span> 
     </span>
    </p>
   </div>
   <div class='ocr_carea' id='block_1_4' title="bbox 556 1324 2835 1475">
    <p class='ocr_par' dir='ltr' id='par_1_5' title="bbox 556 1324 2835 1475">
     <span class='ocr_line' id='line_1_12' title="bbox 556 1324 2835 1475; baseline -0.001 -82"><span class='ocrx_word' id='word_1_83' title='bbox 556 1328 830 1475; x_wconf 47' lang='lat' dir='ltr'><strong>.}uam¹¹</strong></span> <span class='ocrx_word' id='word_1_84' title='bbox 873 1348 914 1390; x_wconf 90' lang='lat' dir='ltr'><strong>a</strong></span> <span class='ocrx_word' id='word_1_85' title='bbox 953 1327 1206 1391; x_wconf 69' lang='lat' dir='ltr'><strong>Norici*</strong></span> <span class='ocrx_word' id='word_1_86' title='bbox 1252 1326 1531 1392; x_wconf 81' lang='lat' dir='ltr'><strong>*finibus</strong></span> <span class='ocrx_word' id='word_1_87' title='bbox 1572 1326 1793 1393; x_wconf 63' lang='lat' dir='ltr'><strong>idem¹¹</strong></span> <span class='ocrx_word' id='word_1_88' title='bbox 1837 1326 2182 1393; x_wconf 86' lang='lat' dir='ltr'><strong>Danubius</strong></span> <span class='ocrx_word' id='word_1_89' title='bbox 2242 1336 2513 1413; x_wconf 88' lang='lat' dir='ltr'><strong>separat.</strong></span> <span class='ocrx_word' id='word_1_90' title='bbox 2600 1326 2683 1390; x_wconf 93' lang='lat' dir='ltr'><strong>In</strong></span> <span class='ocrx_word' id='word_1_91' title='bbox 2734 1324 2835 1390; x_wconf 89' lang='lat' dir='ltr'><strong>his</strong></span> 
     </span>
    </p>
   </div>
   <div class='ocr_carea' id='block_1_5' title="bbox 589 1409 2839 2003">
    <p class='ocr_par' dir='ltr' id='par_1_6' title="bbox 589 1409 2839 2003">
     <span class='ocr_line' id='line_1_13' title="bbox 651 1409 2838 1491; baseline -0.001 -15"><span class='ocrx_word' id='word_1_92' title='bbox 651 1413 971 1476; x_wconf 87' lang='lat' dir='ltr'><strong>oricorum</strong></span> <span class='ocrx_word' id='word_1_93' title='bbox 999 1410 1234 1476; x_wconf 88' lang='lat' dir='ltr'><strong>finibus</strong></span> <span class='ocrx_word' id='word_1_94' title='bbox 1262 1410 1435 1477; x_wconf 89' lang='lat' dir='ltr'><strong>beati</strong></span> <span class='ocrx_word' id='word_1_95' title='bbox 1463 1420 1619 1476; x_wconf 90' lang='lat' dir='ltr'><strong>tunc</strong></span> <span class='ocrx_word' id='word_1_96' title='bbox 1650 1421 1785 1476; x_wconf 86' lang='lat' dir='ltr'><strong>erat</strong></span> <span class='ocrx_word' id='word_1_97' title='bbox 1813 1410 2133 1476; x_wconf 84' lang='lat' dir='ltr'><strong>Severini¹</strong></span> <span class='ocrx_word' id='word_1_98' title='bbox 2188 1410 2569 1477; x_wconf 89' lang='lat' dir='ltr'><strong>coenobium</strong></span> <span class='ocrx_word' id='word_1_99' title='bbox 2586 1420 2635 1473; x_wconf 78' lang='lat'><strong>³.</strong></span> <span class='ocrx_word' id='word_1_100' title='bbox 2706 1409 2838 1491; x_wconf 79' lang='lat' dir='ltr'><strong>Qui</strong></span> 
     </span>
     <span class='ocr_line' id='line_1_14' title="bbox 591 1493 2836 1582; baseline -0.001 -22"><span class='ocrx_word' id='word_1_101' title='bbox 591 1497 765 1560; x_wconf 88' lang='lat' dir='ltr'><strong>omni</strong></span> <span class='ocrx_word' id='word_1_102' title='bbox 793 1496 1256 1561; x_wconf 77' lang='lat' dir='ltr'><strong>abstinentiae¹¹¹</strong></span> <span class='ocrx_word' id='word_1_103' title='bbox 1286 1496 1619 1561; x_wconf 84' lang='lat' dir='ltr'><strong>sanctitate</strong></span> <span class='ocrx_word' id='word_1_104' title='bbox 1650 1496 1995 1582; x_wconf 79' lang='lat' dir='ltr'><strong>praeditus,</strong></span> <span class='ocrx_word' id='word_1_105' title='bbox 2032 1493 2249 1561; x_wconf 88' lang='lat' dir='ltr'><strong>multis</strong></span> <span class='ocrx_word' id='word_1_106' title='bbox 2284 1497 2415 1559; x_wconf 91' lang='lat' dir='ltr'><strong>iam</strong></span> <span class='ocrx_word' id='word_1_107' title='bbox 2456 1503 2595 1559; x_wconf 87' lang='lat' dir='ltr'><strong>erat</strong></span> <span class='ocrx_word' id='word_1_108' title='bbox 2634 1500 2836 1558; x_wconf 79' lang='lat' dir='ltr'><strong>virtu-</strong></span> 
     </span>
     <span class='ocr_line' id='line_1_15' title="bbox 589 1577 2833 1664; baseline -0.002 -20"><span class='ocrx_word' id='word_1_109' title='bbox 589 1577 764 1645; x_wconf 87' lang='lat' dir='ltr'><strong>tibus</strong></span> <span class='ocrx_word' id='word_1_110' title='bbox 827 1578 1053 1644; x_wconf 85' lang='lat' dir='ltr'><strong>clarus.</strong></span> <span class='ocrx_word' id='word_1_111' title='bbox 1160 1579 1291 1661; x_wconf 75' lang='lat' dir='ltr'><strong>Qui</strong></span> <span class='ocrx_word' id='word_1_112' title='bbox 1355 1601 1506 1643; x_wconf 91' lang='lat' dir='ltr'><strong>cum</strong></span> <span class='ocrx_word' id='word_1_113' title='bbox 1569 1578 1855 1644; x_wconf 77' lang='lat' dir='ltr'><strong>hisdem¹¹</strong></span> <span class='ocrx_word' id='word_1_114' title='bbox 1918 1580 1987 1643; x_wconf 90' lang='lat' dir='ltr'><strong>in</strong></span> <span class='ocrx_word' id='word_1_115' title='bbox 2047 1578 2207 1645; x_wconf 86' lang='lat' dir='ltr'><strong>locis</strong></span> <span class='ocrx_word' id='word_1_116' title='bbox 2260 1577 2345 1644; x_wconf 88' lang='lat' dir='ltr'><strong>ad</strong></span> <span class='ocrx_word' id='word_1_117' title='bbox 2396 1578 2567 1644; x_wconf 83' lang='lat' dir='ltr'><strong>vitae</strong></span> <span class='ocrx_word' id='word_1_118' title='bbox 2622 1598 2833 1664; x_wconf 86' lang='lat' dir='ltr'><strong>usque</strong></span> 
     </span>
     <span class='ocr_line' id='line_1_16' title="bbox 591 1660 2835 1751; baseline -0.001 -23"><span class='ocrx_word' id='word_1_119' title='bbox 591 1674 794 1729; x_wconf 88' lang='lat' dir='ltr'><strong>metas</strong></span> <span class='ocrx_word' id='word_1_120' title='bbox 847 1661 1224 1746; x_wconf 83' lang='lat' dir='ltr'><strong>habitasset,</strong></span> <span class='ocrx_word' id='word_1_121' title='bbox 1284 1685 1455 1728; x_wconf 89' lang='lat' dir='ltr'><strong>nunc</strong></span> <span class='ocrx_word' id='word_1_122' title='bbox 1512 1671 1727 1729; x_wconf 90' lang='lat' dir='ltr'><strong>tamen</strong></span> <span class='ocrx_word' id='word_1_123' title='bbox 1784 1664 1921 1729; x_wconf 83' lang='lat' dir='ltr'><strong>eius</strong></span> <span class='ocrx_word' id='word_1_124' title='bbox 1964 1662 2415 1751; x_wconf 88' lang='lat' dir='ltr'><strong>corpusculum</strong></span> <span class='ocrx_word' id='word_1_125' title='bbox 2457 1660 2835 1748; x_wconf 87' lang='lat' dir='ltr'><strong>Neapolim⁰</strong></span> 
     </span>
     <span class='ocr_line' id='line_1_17' title="bbox 589 1746 2837 1847; baseline -0.002 -34"><span class='ocrx_word' id='word_1_126' title='bbox 589 1748 819 1813; x_wconf 87' lang='lat' dir='ltr'><strong>retinet</strong></span> <span class='ocrx_word' id='word_1_127' title='bbox 837 1758 879 1812; x_wconf 78' lang='lat'><strong>⁴.</strong></span> <span class='ocrx_word' id='word_1_128' title='bbox 969 1748 1097 1812; x_wconf 90' lang='lat' dir='ltr'><strong>Hic</strong></span> <span class='ocrx_word' id='word_1_129' title='bbox 1141 1749 1396 1847; x_wconf 86' lang='lat' dir='ltr'><strong>saepius</strong></span> <span class='ocrx_word' id='word_1_130' title='bbox 1439 1747 1609 1811; x_wconf 90' lang='lat' dir='ltr'><strong>hunc</strong></span> <span class='ocrx_word' id='word_1_131' title='bbox 1640 1746 1721 1811; x_wconf 87' lang='lat' dir='ltr'><strong>de</strong></span> <span class='ocrx_word' id='word_1_132' title='bbox 1764 1769 1891 1833; x_wconf 92' lang='lat' dir='ltr'><strong>quo</strong></span> <span class='ocrx_word' id='word_1_133' title='bbox 1936 1746 2217 1813; x_wconf 87' lang='lat' dir='ltr'><strong>diximus</strong></span> <span class='ocrx_word' id='word_1_134' title='bbox 2245 1746 2625 1813; x_wconf 85' lang='lat' dir='ltr'><strong>Feletheum</strong></span> <span class='ocrx_word' id='word_1_135' title='bbox 2668 1746 2837 1810; x_wconf 88' lang='lat' dir='ltr'><strong>eius-</strong></span> 
     </span>
     <span class='ocr_line' id='line_1_18' title="bbox 594 1828 2837 1919; baseline -0.001 -22"><span class='ocrx_word' id='word_1_136' title='bbox 594 1854 719 1919; x_wconf 90' lang='lat' dir='ltr'><strong>que</strong></span> <span class='ocrx_word' id='word_1_137' title='bbox 763 1833 1122 1917; x_wconf 82' lang='lat' dir='ltr'><strong>coniugem,</strong></span> <span class='ocrx_word' id='word_1_138' title='bbox 1167 1843 1315 1896; x_wconf 81' lang='lat' dir='ltr'><strong>cu11’</strong></span> <span class='ocrx_word' id='word_1_139' title='bbox 1369 1829 1756 1897; x_wconf 85' lang='lat' dir='ltr'><strong>vocabulum</strong></span> <span class='ocrx_word' id='word_1_140' title='bbox 1801 1831 1959 1897; x_wconf 85' lang='lat' dir='ltr'><strong>Gisa</strong></span> <span class='ocrx_word' id='word_1_141' title='bbox 1976 1844 2005 1887; x_wconf 83' lang='lat'><strong>⁴1</strong></span> <span class='ocrx_word' id='word_1_142' title='bbox 2062 1830 2199 1916; x_wconf 87' lang='lat' dir='ltr'><strong>fuit,</strong></span> <span class='ocrx_word' id='word_1_143' title='bbox 2252 1840 2325 1897; x_wconf 90' lang='lat' dir='ltr'><strong>ut</strong></span> <span class='ocrx_word' id='word_1_144' title='bbox 2365 1830 2447 1897; x_wconf 89' lang='lat' dir='ltr'><strong>ab</strong></span> <span class='ocrx_word' id='word_1_145' title='bbox 2492 1828 2837 1916; x_wconf 85' lang='lat' dir='ltr'><strong>iniquitate</strong></span> 
     </span>
     <span class='ocr_line' id='line_1_19' title="bbox 593 1912 2839 2003; baseline -0.002 -22"><span class='ocrx_word' id='word_1_146' title='bbox 593 1916 1009 2003; x_wconf 88' lang='lat' dir='ltr'><strong>quiescerent,</strong></span> <span class='ocrx_word' id='word_1_147' title='bbox 1067 1915 1285 1981; x_wconf 88' lang='lat' dir='ltr'><strong>verbis</strong></span> <span class='ocrx_word' id='word_1_148' title='bbox 1300 1926 1325 1957; x_wconf 81' lang='lat'><strong>¹·</strong></span> <span class='ocrx_word' id='word_1_149' title='bbox 1380 1914 1761 1981; x_wconf 87' lang='lat' dir='ltr'><strong>coelestibus</strong></span> <span class='ocrx_word' id='word_1_150' title='bbox 1814 1916 2080 1981; x_wconf 89' lang='lat' dir='ltr'><strong>monuit.</strong></span> <span class='ocrx_word' id='word_1_151' title='bbox 2182 1913 2435 1997; x_wconf 82' lang='lat' dir='ltr'><strong>Quibus</strong></span> <span class='ocrx_word' id='word_1_152' title='bbox 2486 1914 2599 2001; x_wconf 88' lang='lat' dir='ltr'><strong>pia</strong></span> <span class='ocrx_word' id='word_1_153' title='bbox 2634 1912 2839 1980; x_wconf 85' lang='lat' dir='ltr'><strong>verba</strong></span> 
     </span>
    </p>
   </div>
   <div class='ocr_carea' id='block_1_6' title="bbox 591 2094 2843 3332">
    <p class='ocr_par' dir='ltr' id='par_1_7' title="bbox 591 2094 2843 3332">
     <span class='ocr_line' id='line_1_20' title="bbox 593 2094 2841 2149; baseline -0.001 -12"><span class='ocrx_word' id='word_1_154' title='bbox 593 2094 639 2146; x_wconf 82' lang='lat' dir='ltr'><strong>a)</strong></span> <span class='ocrx_word' id='word_1_155' title='bbox 668 2096 787 2137; x_wconf 84' lang='lat' dir='ltr'><strong>Letu</strong></span> <span class='ocrx_word' id='word_1_156' title='bbox 814 2098 917 2139; x_wconf 86' lang='grc' dir='ltr'><strong>Α2.</strong></span> <span class='ocrx_word' id='word_1_157' title='bbox 937 2098 978 2149; x_wconf 85' lang='grc'><strong>3,</strong></span> <span class='ocrx_word' id='word_1_158' title='bbox 1009 2108 1123 2141; x_wconf 82' lang='lat' dir='ltr'><strong>corr.</strong></span> <span class='ocrx_word' id='word_1_159' title='bbox 1152 2098 1295 2139; x_wconf 80' lang='lat' dir='ltr'><strong>Lotus</strong></span> <span class='ocrx_word' id='word_1_160' title='bbox 1325 2096 1366 2137; x_wconf 97' lang='lat' dir='ltr'><strong>A</strong></span> <span class='ocrx_word' id='word_1_161' title='bbox 1397 2095 1465 2147; x_wconf 74' lang='lat'><strong>&#39;33</strong></span> <span class='ocrx_word' id='word_1_162' title='bbox 1498 2098 1705 2138; x_wconf 82' lang='lat' dir='ltr'><strong>Lethunc</strong></span> <span class='ocrx_word' id='word_1_163' title='bbox 1736 2096 1837 2139; x_wconf 83' lang='grc' dir='ltr'><strong>Α5.</strong></span> <span class='ocrx_word' id='word_1_164' title='bbox 1872 2098 1922 2147; x_wconf 83' lang='grc'><strong>6;</strong></span> <span class='ocrx_word' id='word_1_165' title='bbox 1955 2098 2153 2139; x_wconf 76' lang='lat' dir='ltr'><strong>Letthuc</strong></span> <span class='ocrx_word' id='word_1_166' title='bbox 2182 2098 2220 2139; x_wconf 94' lang='grc' dir='ltr'><strong>Β</strong></span> <span class='ocrx_word' id='word_1_167' title='bbox 2256 2100 2305 2148; x_wconf 81' lang='lat'><strong>13</strong></span> <span class='ocrx_word' id='word_1_168' title='bbox 2336 2098 2468 2139; x_wconf 70' lang='lat' dir='ltr'><strong>nette</strong></span> <span class='ocrx_word' id='word_1_169' title='bbox 2495 2096 2533 2137; x_wconf 98' lang='grc' dir='ltr'><strong>Β</strong></span> <span class='ocrx_word' id='word_1_170' title='bbox 2568 2097 2624 2146; x_wconf 78' lang='grc'><strong>2;</strong></span> <span class='ocrx_word' id='word_1_171' title='bbox 2654 2095 2841 2136; x_wconf 79' lang='lat' dir='ltr'><strong>Letlmc</strong></span> 
     </span>
     <span class='ocr_line' id='line_1_21' title="bbox 595 2154 2838 2208; baseline -0.001 -11"><span class='ocrx_word' id='word_1_172' title='bbox 595 2155 637 2197; x_wconf 90' lang='lat' dir='ltr'><strong>G</strong></span> <span class='ocrx_word' id='word_1_173' title='bbox 668 2158 710 2197; x_wconf 88' lang='grc'><strong>2.</strong></span> <span class='ocrx_word' id='word_1_174' title='bbox 758 2157 780 2197; x_wconf 94' lang='lat'>1</span> <span class='ocrx_word' id='word_1_175' title='bbox 812 2158 862 2207; x_wconf 69' lang='grc' dir='ltr'><strong>ὃς</strong></span> <span class='ocrx_word' id='word_1_176' title='bbox 911 2157 1082 2197; x_wconf 76' lang='lat' dir='ltr'><strong>Lethus</strong></span> <span class='ocrx_word' id='word_1_177' title='bbox 1131 2156 1172 2198; x_wconf 97' lang='lat' dir='ltr'><strong>G</strong></span> <span class='ocrx_word' id='word_1_178' title='bbox 1203 2158 1246 2199; x_wconf 83' lang='lat'><strong>3.</strong></span> <span class='ocrx_word' id='word_1_179' title='bbox 1294 2158 1345 2208; x_wconf 84' lang='lat' dir='ltr'><strong>L,</strong></span> <span class='ocrx_word' id='word_1_180' title='bbox 1387 2168 1408 2197; x_wconf 84' lang='lat' dir='ltr'><strong>e</strong></span> <span class='ocrx_word' id='word_1_181' title='bbox 1453 2168 1568 2200; x_wconf 86' lang='lat' dir='ltr'><strong>corr.</strong></span> <span class='ocrx_word' id='word_1_182' title='bbox 1600 2156 1643 2197; x_wconf 84' lang='lat' dir='ltr'><strong>A</strong></span> <span class='ocrx_word' id='word_1_183' title='bbox 1674 2158 1741 2197; x_wconf 76' lang='lat'><strong>30.</strong></span> <span class='ocrx_word' id='word_1_184' title='bbox 1790 2155 1832 2197; x_wconf 90' lang='lat' dir='ltr'><strong>G</strong></span> <span class='ocrx_word' id='word_1_185' title='bbox 1864 2160 1911 2205; x_wconf 78' lang='lat'><strong>13</strong></span> <span class='ocrx_word' id='word_1_186' title='bbox 1960 2156 2077 2198; x_wconf 84' lang='lat' dir='ltr'><strong>Leth</strong></span> <span class='ocrx_word' id='word_1_187' title='bbox 2106 2158 2147 2197; x_wconf 77' lang='lat' dir='ltr'>E</span> <span class='ocrx_word' id='word_1_188' title='bbox 2180 2159 2221 2198; x_wconf 91' lang='lat'><strong>1.</strong></span> <span class='ocrx_word' id='word_1_189' title='bbox 2270 2158 2307 2197; x_wconf 91' lang='lat' dir='ltr'><strong>F</strong></span> <span class='ocrx_word' id='word_1_190' title='bbox 2340 2158 2381 2197; x_wconf 92' lang='grc'><strong>2.</strong></span> <span class='ocrx_word' id='word_1_191' title='bbox 2411 2156 2464 2206; x_wconf 81' lang='grc'><strong>5;</strong></span> <span class='ocrx_word' id='word_1_192' title='bbox 2508 2154 2665 2197; x_wconf 78' lang='lat' dir='ltr'><strong>Lethii</strong></span> <span class='ocrx_word' id='word_1_193' title='bbox 2711 2156 2756 2195; x_wconf 89' lang='lat' dir='ltr'>H</span> <span class='ocrx_word' id='word_1_194' title='bbox 2788 2156 2838 2194; x_wconf 89' lang='lat'><strong>1.</strong></span> 
     </span>
     <span class='ocr_line' id='line_1_22' title="bbox 592 2213 2837 2267; baseline -0.001 -12"><span class='ocrx_word' id='word_1_195' title='bbox 592 2214 641 2267; x_wconf 86' lang='lat' dir='ltr'><strong>b)</strong></span> <span class='ocrx_word' id='word_1_196' title='bbox 676 2215 872 2257; x_wconf 80' lang='lat' dir='ltr'><strong>Gildeoc</strong></span> <span class='ocrx_word' id='word_1_197' title='bbox 902 2228 1018 2257; x_wconf 86' lang='lat' dir='ltr'><strong>corr.</strong></span> <span class='ocrx_word' id='word_1_198' title='bbox 1052 2218 1194 2257; x_wconf 85' lang='lat' dir='ltr'><strong>eadem</strong></span> <span class='ocrx_word' id='word_1_199' title='bbox 1234 2228 1369 2256; x_wconf 81' lang='lat' dir='ltr'><strong>manu</strong></span> <span class='ocrx_word' id='word_1_200' title='bbox 1398 2216 1597 2257; x_wconf 86' lang='lat' dir='ltr'><strong>Hildeoc</strong></span> <span class='ocrx_word' id='word_1_201' title='bbox 1627 2216 1669 2255; x_wconf 88' lang='lat' dir='ltr'>A</span> <span class='ocrx_word' id='word_1_202' title='bbox 1704 2217 1753 2264; x_wconf 80' lang='lat'><strong>13</strong></span> <span class='ocrx_word' id='word_1_203' title='bbox 1782 2216 2011 2256; x_wconf 82' lang='lat' dir='ltr'><strong>Hildehoc</strong></span> <span class='ocrx_word' id='word_1_204' title='bbox 2040 2217 2081 2257; x_wconf 88' lang='grc' dir='ltr'><strong>Α</strong></span> <span class='ocrx_word' id='word_1_205' title='bbox 2113 2218 2153 2257; x_wconf 92' lang='grc'><strong>2.</strong></span> <span class='ocrx_word' id='word_1_206' title='bbox 2187 2217 2230 2256; x_wconf 90' lang='lat' dir='ltr'><strong>D</strong></span> <span class='ocrx_word' id='word_1_207' title='bbox 2252 2218 2293 2257; x_wconf 89' lang='lat'><strong>1.</strong></span> <span class='ocrx_word' id='word_1_208' title='bbox 2322 2217 2361 2255; x_wconf 86' lang='lat' dir='ltr'><strong>F</strong></span> <span class='ocrx_word' id='word_1_209' title='bbox 2394 2217 2435 2259; x_wconf 86' lang='lat'><strong>1.</strong></span> <span class='ocrx_word' id='word_1_210' title='bbox 2465 2215 2508 2255; x_wconf 77' lang='lat'><strong>4.</strong></span> <span class='ocrx_word' id='word_1_211' title='bbox 2542 2214 2586 2256; x_wconf 88' lang='grc'><strong>5.</strong></span> <span class='ocrx_word' id='word_1_212' title='bbox 2622 2213 2664 2255; x_wconf 87' lang='grc'><strong>6</strong></span> <span class='ocrx_word' id='word_1_213' title='bbox 2699 2214 2837 2254; x_wconf 79' lang='lat'>1—4.</span> 
     </span>
     <span class='ocr_line' id='line_1_23' title="bbox 591 2272 2842 2325; baseline -0.001 -10"><span class='ocrx_word' id='word_1_214' title='bbox 591 2275 615 2315; x_wconf 89' lang='lat'>1</span> <span class='ocrx_word' id='word_1_215' title='bbox 649 2276 700 2324; x_wconf 80' lang='lat'><strong>13</strong></span> <span class='ocrx_word' id='word_1_216' title='bbox 747 2274 974 2316; x_wconf 80' lang='lat' dir='ltr'><strong>Hildeoch</strong></span> <span class='ocrx_word' id='word_1_217' title='bbox 1004 2276 1046 2315; x_wconf 88' lang='lat' dir='ltr'><strong>A</strong></span> <span class='ocrx_word' id='word_1_218' title='bbox 1078 2275 1120 2317; x_wconf 84' lang='lat'><strong>5.</strong></span> <span class='ocrx_word' id='word_1_219' title='bbox 1154 2276 1189 2317; x_wconf 87' lang='lat' dir='ltr'>C</span> <span class='ocrx_word' id='word_1_220' title='bbox 1221 2276 1262 2315; x_wconf 88' lang='grc'><strong>2.</strong></span> <span class='ocrx_word' id='word_1_221' title='bbox 1297 2276 1337 2317; x_wconf 81' lang='grc'><strong>3.</strong></span> <span class='ocrx_word' id='word_1_222' title='bbox 1370 2274 1412 2316; x_wconf 93' lang='grc'><strong>6</strong></span> <span class='ocrx_word' id='word_1_223' title='bbox 1441 2273 1504 2315; x_wconf 80' lang='grc'><strong>’5.</strong></span> <span class='ocrx_word' id='word_1_224' title='bbox 1538 2274 1617 2324; x_wconf 70' lang='lat'><strong>5⁸3</strong></span> <span class='ocrx_word' id='word_1_225' title='bbox 1662 2275 1852 2315; x_wconf 81' lang='lat' dir='ltr'><strong>Ildehoc</strong></span> <span class='ocrx_word' id='word_1_226' title='bbox 1881 2274 1921 2313; x_wconf 91' lang='lat' dir='ltr'><strong>B</strong></span> <span class='ocrx_word' id='word_1_227' title='bbox 1954 2276 1996 2318; x_wconf 83' lang='grc'><strong>2.</strong></span> <span class='ocrx_word' id='word_1_228' title='bbox 2026 2276 2065 2315; x_wconf 76' lang='lat' dir='ltr'><strong>E</strong></span> <span class='ocrx_word' id='word_1_229' title='bbox 2100 2277 2146 2325; x_wconf 78' lang='lat'><strong>13</strong></span> <span class='ocrx_word' id='word_1_230' title='bbox 2178 2272 2438 2316; x_wconf 80' lang='lat' dir='ltr'><strong>Hildehoho</strong></span> <span class='ocrx_word' id='word_1_231' title='bbox 2470 2274 2511 2315; x_wconf 91' lang='lat' dir='ltr'><strong>G</strong></span> <span class='ocrx_word' id='word_1_232' title='bbox 2541 2272 2622 2323; x_wconf 74' lang='lat'><strong>503</strong></span> <span class='ocrx_word' id='word_1_233' title='bbox 2652 2272 2842 2313; x_wconf 81' lang='lat' dir='ltr'><strong>Hideoc</strong></span> 
     </span>
     <span class='ocr_line' id='line_1_24' title="bbox 591 2330 2843 2386; baseline -0.001 -11"><span class='ocrx_word' id='word_1_234' title='bbox 591 2334 635 2375; x_wconf 77' lang='lat' dir='ltr'><strong>n</strong></span> <span class='ocrx_word' id='word_1_235' title='bbox 668 2336 708 2376; x_wconf 82' lang='lat'><strong>1.</strong></span> <span class='ocrx_word' id='word_1_236' title='bbox 744 2334 970 2375; x_wconf 82' lang='lat' dir='ltr'><strong>Gildehoc</strong></span> <span class='ocrx_word' id='word_1_237' title='bbox 999 2335 1036 2374; x_wconf 85' lang='lat' dir='ltr'><strong>F</strong></span> <span class='ocrx_word' id='word_1_238' title='bbox 1067 2334 1121 2384; x_wconf 75' lang='lat'><strong>85</strong></span> <span class='ocrx_word' id='word_1_239' title='bbox 1153 2334 1405 2376; x_wconf 80' lang='lat' dir='ltr'><strong>childehoc</strong></span> <span class='ocrx_word' id='word_1_240' title='bbox 1435 2335 1491 2376; x_wconf 78' lang='lat' dir='ltr'><strong>L.</strong></span> <span class='ocrx_word' id='word_1_241' title='bbox 1614 2332 1655 2384; x_wconf 86' lang='lat' dir='ltr'><strong>c)</strong></span> <span class='ocrx_word' id='word_1_242' title='bbox 1689 2334 1722 2373; x_wconf 81' lang='lat' dir='ltr'><strong>f.</strong></span> <span class='ocrx_word' id='word_1_243' title='bbox 1764 2344 1897 2374; x_wconf 82' lang='lat' dir='ltr'><strong>suum</strong></span> <span class='ocrx_word' id='word_1_244' title='bbox 1927 2335 1965 2375; x_wconf 89' lang='grc' dir='ltr'><strong>Β</strong></span> <span class='ocrx_word' id='word_1_245' title='bbox 2000 2337 2040 2376; x_wconf 90' lang='grc'><strong>1.</strong></span> <span class='ocrx_word' id='word_1_246' title='bbox 2163 2331 2210 2386; x_wconf 85' lang='lat' dir='ltr'><strong>d)</strong></span> <span class='ocrx_word' id='word_1_247' title='bbox 2245 2330 2464 2375; x_wconf 83' lang='lat' dir='ltr'><strong>Gndehoc</strong></span> <span class='ocrx_word' id='word_1_248' title='bbox 2494 2334 2533 2373; x_wconf 88' lang='lat' dir='ltr'>B</span> <span class='ocrx_word' id='word_1_249' title='bbox 2568 2334 2608 2372; x_wconf 87' lang='lat'><strong>1.</strong></span> <span class='ocrx_word' id='word_1_250' title='bbox 2643 2332 2680 2373; x_wconf 85' lang='lat' dir='ltr'><strong>G</strong></span> <span class='ocrx_word' id='word_1_251' title='bbox 2716 2334 2759 2373; x_wconf 88' lang='lat'><strong>1.</strong></span> <span class='ocrx_word' id='word_1_252' title='bbox 2796 2330 2843 2371; x_wconf 97' lang='lat' dir='ltr'><strong>G</strong></span> 
     </span>
     <span class='ocr_line' id='line_1_25' title="bbox 593 2389 2842 2444; baseline -0 -13"><span class='ocrx_word' id='word_1_253' title='bbox 593 2394 634 2431; x_wconf 79' lang='lat'><strong>4.</strong></span> <span class='ocrx_word' id='word_1_254' title='bbox 664 2393 689 2432; x_wconf 93' lang='lat'>1</span> <span class='ocrx_word' id='word_1_255' title='bbox 720 2394 771 2442; x_wconf 77' lang='lat'><strong>33</strong></span> <span class='ocrx_word' id='word_1_256' title='bbox 805 2392 1022 2434; x_wconf 85' lang='lat' dir='ltr'><strong>Godehoc</strong></span> <span class='ocrx_word' id='word_1_257' title='bbox 1050 2391 1091 2432; x_wconf 97' lang='lat' dir='ltr'>A</span> <span class='ocrx_word' id='word_1_258' title='bbox 1124 2394 1163 2433; x_wconf 83' lang='grc'><strong>2.</strong></span> <span class='ocrx_word' id='word_1_259' title='bbox 1197 2390 1258 2434; x_wconf 71' lang='grc'><strong>’3.</strong></span> <span class='ocrx_word' id='word_1_260' title='bbox 1295 2395 1335 2435; x_wconf 88' lang='grc'><strong>7.</strong></span> <span class='ocrx_word' id='word_1_261' title='bbox 1369 2395 1410 2433; x_wconf 94' lang='lat' dir='ltr'><strong>D</strong></span> <span class='ocrx_word' id='word_1_262' title='bbox 1444 2395 1495 2443; x_wconf 76' lang='lat'><strong>23</strong></span> <span class='ocrx_word' id='word_1_263' title='bbox 1540 2392 1728 2434; x_wconf 85' lang='lat' dir='ltr'><strong>Godeoc</strong></span> <span class='ocrx_word' id='word_1_264' title='bbox 1776 2393 1815 2433; x_wconf 91' lang='lat' dir='ltr'>A</span> <span class='ocrx_word' id='word_1_265' title='bbox 1849 2394 1890 2433; x_wconf 82' lang='grc'><strong>8.</strong></span> <span class='ocrx_word' id='word_1_266' title='bbox 1921 2394 1966 2433; x_wconf 84' lang='grc' dir='ltr'>Η</span> <span class='ocrx_word' id='word_1_267' title='bbox 2000 2395 2039 2434; x_wconf 94' lang='lat'><strong>1.</strong></span> <span class='ocrx_word' id='word_1_268' title='bbox 2070 2394 2109 2433; x_wconf 82' lang='lat' dir='ltr'>L</span> <span class='ocrx_word' id='word_1_269' title='bbox 2142 2396 2165 2433; x_wconf 92' lang='lat'>1</span> <span class='ocrx_word' id='word_1_270' title='bbox 2198 2398 2237 2434; x_wconf 73' lang='lat' dir='ltr'><strong>et</strong></span> <span class='ocrx_word' id='word_1_271' title='bbox 2266 2393 2390 2444; x_wconf 72' lang='lat' dir='ltr'><strong>infra</strong></span> <span class='ocrx_word' id='word_1_272' title='bbox 2432 2392 2474 2433; x_wconf 96' lang='lat' dir='ltr'><strong>A</strong></span> <span class='ocrx_word' id='word_1_273' title='bbox 2505 2389 2575 2441; x_wconf 77' lang='lat'><strong>⁸33</strong></span> <span class='ocrx_word' id='word_1_274' title='bbox 2610 2390 2842 2433; x_wconf 80' lang='lat' dir='ltr'><strong>Gudeoch</strong></span> 
     </span>
     <span class='ocr_line' id='line_1_26' title="bbox 594 2448 2840 2506; baseline -0.002 -13"><span class='ocrx_word' id='word_1_275' title='bbox 594 2451 629 2493; x_wconf 86' lang='lat' dir='ltr'>C</span> <span class='ocrx_word' id='word_1_276' title='bbox 663 2452 707 2491; x_wconf 88' lang='grc'><strong>2.</strong></span> <span class='ocrx_word' id='word_1_277' title='bbox 742 2453 784 2492; x_wconf 81' lang='grc'><strong>3.</strong></span> <span class='ocrx_word' id='word_1_278' title='bbox 819 2452 1056 2504; x_wconf 86' lang='lat' dir='ltr'><strong>(Godeoch</strong></span> <span class='ocrx_word' id='word_1_279' title='bbox 1086 2453 1211 2503; x_wconf 80' lang='lat' dir='ltr'><strong>infra</strong></span> <span class='ocrx_word' id='word_1_280' title='bbox 1242 2452 1283 2491; x_wconf 88' lang='lat' dir='ltr'>A</span> <span class='ocrx_word' id='word_1_281' title='bbox 1319 2450 1390 2503; x_wconf 79' lang='lat'><strong>7);</strong></span> <span class='ocrx_word' id='word_1_282' title='bbox 1425 2451 1674 2493; x_wconf 86' lang='lat' dir='ltr'><strong>Gaudehoc</strong></span> <span class='ocrx_word' id='word_1_283' title='bbox 1705 2450 1773 2501; x_wconf 74' lang='lat' dir='ltr'><strong>D?</strong></span> <span class='ocrx_word' id='word_1_284' title='bbox 1810 2451 1995 2492; x_wconf 81' lang='lat' dir='ltr'><strong>Gedech</strong></span> <span class='ocrx_word' id='word_1_285' title='bbox 2024 2452 2067 2493; x_wconf 84' lang='lat' dir='ltr'><strong>A</strong></span> <span class='ocrx_word' id='word_1_286' title='bbox 2098 2452 2125 2493; x_wconf 89' lang='lat'><strong>5</strong></span> <span class='ocrx_word' id='word_1_287' title='bbox 2170 2452 2313 2506; x_wconf 70' lang='lat' dir='ltr'><strong>(infra</strong></span> <span class='ocrx_word' id='word_1_288' title='bbox 2344 2448 2607 2503; x_wconf 83' lang='lat' dir='ltr'><strong>Ghodech);</strong></span> <span class='ocrx_word' id='word_1_289' title='bbox 2641 2449 2840 2491; x_wconf 82' lang='lat' dir='ltr'><strong>Godech</strong></span> 
     </span>
     <span class='ocr_line' id='line_1_27' title="bbox 596 2508 2840 2563; baseline 0 -14"><span class='ocrx_word' id='word_1_290' title='bbox 596 2509 636 2548; x_wconf 98' lang='lat' dir='ltr'><strong>A</strong></span> <span class='ocrx_word' id='word_1_291' title='bbox 667 2510 721 2559; x_wconf 76' lang='lat'><strong>63</strong></span> <span class='ocrx_word' id='word_1_292' title='bbox 756 2508 971 2551; x_wconf 81' lang='lat' dir='ltr'><strong>Gedehoc</strong></span> <span class='ocrx_word' id='word_1_293' title='bbox 1000 2512 1038 2549; x_wconf 84' lang='lat' dir='ltr'><strong>F</strong></span> <span class='ocrx_word' id='word_1_294' title='bbox 1070 2513 1122 2559; x_wconf 79' lang='lat'><strong>23</strong></span> <span class='ocrx_word' id='word_1_295' title='bbox 1159 2511 1351 2551; x_wconf 85' lang='lat' dir='ltr'><strong>Gedeon</strong></span> <span class='ocrx_word' id='word_1_296' title='bbox 1381 2511 1418 2550; x_wconf 93' lang='lat' dir='ltr'><strong>F</strong></span> <span class='ocrx_word' id='word_1_297' title='bbox 1455 2514 1475 2551; x_wconf 82' lang='lat'><em>1</em></span> <span class='ocrx_word' id='word_1_298' title='bbox 1520 2508 1654 2562; x_wconf 82' lang='lat' dir='ltr'><strong>(corr.</strong></span> <span class='ocrx_word' id='word_1_299' title='bbox 1690 2509 1911 2563; x_wconf 84' lang='lat' dir='ltr'><strong>Godeoc).</strong></span> <span class='ocrx_word' id='word_1_300' title='bbox 1947 2512 1988 2552; x_wconf 88' lang='lat' dir='ltr'><strong>G</strong></span> <span class='ocrx_word' id='word_1_301' title='bbox 2018 2513 2068 2561; x_wconf 67' lang='grc' dir='ltr'><strong>ὃς</strong></span> <span class='ocrx_word' id='word_1_302' title='bbox 2102 2510 2295 2553; x_wconf 72' lang='lat' dir='ltr'><strong>Goeleon</strong></span> <span class='ocrx_word' id='word_1_303' title='bbox 2324 2512 2361 2551; x_wconf 90' lang='lat' dir='ltr'><strong>F</strong></span> <span class='ocrx_word' id='word_1_304' title='bbox 2392 2511 2437 2553; x_wconf 81' lang='lat'><strong>4.</strong></span> <span class='ocrx_word' id='word_1_305' title='bbox 2470 2510 2513 2551; x_wconf 93' lang='lat' dir='ltr'><strong>G</strong></span> <span class='ocrx_word' id='word_1_306' title='bbox 2548 2512 2586 2551; x_wconf 84' lang='lat'><strong>1.</strong></span> <span class='ocrx_word' id='word_1_307' title='bbox 2621 2510 2672 2558; x_wconf 68' lang='grc' dir='ltr'><strong>Ως</strong></span> <span class='ocrx_word' id='word_1_308' title='bbox 2710 2508 2840 2549; x_wconf 79' lang='lat' dir='ltr'><strong>Gno-</strong></span> 
     </span>
     <span class='ocr_line' id='line_1_28' title="bbox 595 2566 2839 2623; baseline 0 -16"><span class='ocrx_word' id='word_1_309' title='bbox 595 2569 716 2609; x_wconf 84' lang='lat' dir='ltr'><strong>deon</strong></span> <span class='ocrx_word' id='word_1_310' title='bbox 748 2568 790 2610; x_wconf 97' lang='lat' dir='ltr'><strong>G</strong></span> <span class='ocrx_word' id='word_1_311' title='bbox 820 2569 898 2618; x_wconf 62' lang='grc' dir='ltr'><strong>δας</strong></span> <span class='ocrx_word' id='word_1_312' title='bbox 933 2567 1128 2609; x_wconf 80' lang='lat' dir='ltr'><strong>Gudeon</strong></span> <span class='ocrx_word' id='word_1_313' title='bbox 1161 2569 1204 2611; x_wconf 93' lang='lat' dir='ltr'><strong>G</strong></span> <span class='ocrx_word' id='word_1_314' title='bbox 1231 2566 1294 2610; x_wconf 80' lang='lat'><strong>·5.</strong></span> <span class='ocrx_word' id='word_1_315' title='bbox 1326 2569 1384 2610; x_wconf 67' lang='lat' dir='ltr'><strong>ab</strong></span> <span class='ocrx_word' id='word_1_316' title='bbox 1426 2569 1483 2623; x_wconf 75' lang='lat' dir='ltr'><strong>(et</strong></span> <span class='ocrx_word' id='word_1_317' title='bbox 1526 2571 1593 2609; x_wconf 76' lang='lat' dir='ltr'><strong>ita</strong></span> <span class='ocrx_word' id='word_1_318' title='bbox 1637 2580 1781 2609; x_wconf 72' lang='lat' dir='ltr'><strong>omnes</strong></span> <span class='ocrx_word' id='word_1_319' title='bbox 1823 2569 1865 2609; x_wconf 90' lang='lat' dir='ltr'><strong>G</strong></span> <span class='ocrx_word' id='word_1_320' title='bbox 1903 2571 1953 2610; x_wconf 80' lang='lat' dir='ltr'><strong>in</strong></span> <span class='ocrx_word' id='word_1_321' title='bbox 1990 2569 2177 2623; x_wconf 55' lang='lat' dir='ltr'><strong>indice„</strong></span> <span class='ocrx_word' id='word_1_322' title='bbox 2222 2571 2413 2611; x_wconf 79' lang='lat' dir='ltr'><strong>Guodeo</strong></span> <span class='ocrx_word' id='word_1_323' title='bbox 2459 2569 2500 2610; x_wconf 91' lang='lat' dir='ltr'>G</span> <span class='ocrx_word' id='word_1_324' title='bbox 2532 2568 2607 2617; x_wconf 75' lang='lat'><strong>503</strong></span> <span class='ocrx_word' id='word_1_325' title='bbox 2640 2567 2839 2609; x_wconf 81' lang='lat' dir='ltr'><strong>Gudeos</strong></span> 
     </span>
     <span class='ocr_line' id='line_1_29' title="bbox 594 2626 2840 2680; baseline 0.001 -15"><span class='ocrx_word' id='word_1_326' title='bbox 594 2627 720 2677; x_wconf 77' lang='lat' dir='ltr'><strong>infra</strong></span> <span class='ocrx_word' id='word_1_327' title='bbox 749 2628 786 2667; x_wconf 92' lang='lat' dir='ltr'><strong>F</strong></span> <span class='ocrx_word' id='word_1_328' title='bbox 820 2629 860 2668; x_wconf 87' lang='lat'><strong>1.</strong></span> <span class='ocrx_word' id='word_1_329' title='bbox 896 2626 938 2668; x_wconf 89' lang='lat' dir='ltr'>G</span> <span class='ocrx_word' id='word_1_330' title='bbox 967 2628 1022 2677; x_wconf 72' lang='grc' dir='ltr'><strong>ὅς</strong></span> <span class='ocrx_word' id='word_1_331' title='bbox 1055 2626 1242 2669; x_wconf 84' lang='lat' dir='ltr'><strong>Gudeus</strong></span> <span class='ocrx_word' id='word_1_332' title='bbox 1275 2628 1402 2677; x_wconf 80' lang='lat' dir='ltr'><strong>infra</strong></span> <span class='ocrx_word' id='word_1_333' title='bbox 1433 2628 1540 2677; x_wconf 87' lang='lat' dir='ltr'><strong>G1;</strong></span> <span class='ocrx_word' id='word_1_334' title='bbox 1574 2628 1757 2669; x_wconf 82' lang='lat' dir='ltr'><strong>Godeos</strong></span> <span class='ocrx_word' id='word_1_335' title='bbox 1788 2630 1913 2679; x_wconf 77' lang='lat' dir='ltr'><strong>infra</strong></span> <span class='ocrx_word' id='word_1_336' title='bbox 1944 2629 2056 2680; x_wconf 75' lang='lat' dir='ltr'>G43</span> <span class='ocrx_word' id='word_1_337' title='bbox 2090 2629 2256 2672; x_wconf 80' lang='lat' dir='ltr'><strong>Goden</strong></span> <span class='ocrx_word' id='word_1_338' title='bbox 2285 2631 2321 2669; x_wconf 88' lang='lat' dir='ltr'><strong>F</strong></span> <span class='ocrx_word' id='word_1_339' title='bbox 2340 2630 2382 2671; x_wconf 85' lang='lat'><strong>5.</strong></span> <span class='ocrx_word' id='word_1_340' title='bbox 2506 2626 2551 2679; x_wconf 83' lang='lat' dir='ltr'><strong>e)</strong></span> <span class='ocrx_word' id='word_1_341' title='bbox 2584 2627 2840 2668; x_wconf 74' lang='lat' dir='ltr'><strong>Odoachar</strong></span> 
     </span>
     <span class='ocr_line' id='line_1_30' title="bbox 594 2684 2839 2739; baseline 0 -14"><span class='ocrx_word' id='word_1_342' title='bbox 594 2684 637 2725; x_wconf 78' lang='lat' dir='ltr'><strong>A</strong></span> <span class='ocrx_word' id='word_1_343' title='bbox 669 2687 710 2727; x_wconf 78' lang='grc'><strong>’1.</strong></span> <span class='ocrx_word' id='word_1_344' title='bbox 743 2688 780 2727; x_wconf 91' lang='grc' dir='ltr'><strong>Β</strong></span> <span class='ocrx_word' id='word_1_345' title='bbox 814 2688 856 2725; x_wconf 92' lang='grc'><strong>1.</strong></span> <span class='ocrx_word' id='word_1_346' title='bbox 903 2685 939 2727; x_wconf 84' lang='lat' dir='ltr'>C</span> <span class='ocrx_word' id='word_1_347' title='bbox 970 2687 1012 2728; x_wconf 78' lang='lat'><strong>3.</strong></span> <span class='ocrx_word' id='word_1_348' title='bbox 1045 2687 1087 2726; x_wconf 91' lang='lat' dir='ltr'><strong>D</strong></span> <span class='ocrx_word' id='word_1_349' title='bbox 1121 2688 1164 2730; x_wconf 86' lang='grc'><strong>2.</strong></span> <span class='ocrx_word' id='word_1_350' title='bbox 1206 2688 1244 2727; x_wconf 82' lang='lat' dir='ltr'><strong>F</strong></span> <span class='ocrx_word' id='word_1_351' title='bbox 1276 2688 1316 2726; x_wconf 90' lang='grc'><strong>2.</strong></span> <span class='ocrx_word' id='word_1_352' title='bbox 1346 2688 1399 2737; x_wconf 76' lang='lat'><strong>43</strong></span> <span class='ocrx_word' id='word_1_353' title='bbox 1445 2687 1656 2728; x_wconf 84' lang='lat' dir='ltr'><strong>odoacer</strong></span> <span class='ocrx_word' id='word_1_354' title='bbox 1684 2687 1726 2727; x_wconf 89' lang='lat' dir='ltr'><strong>A</strong></span> <span class='ocrx_word' id='word_1_355' title='bbox 1758 2688 1803 2728; x_wconf 85' lang='grc'><strong>6.</strong></span> <span class='ocrx_word' id='word_1_356' title='bbox 1834 2689 1871 2728; x_wconf 82' lang='lat' dir='ltr'><strong>F</strong></span> <span class='ocrx_word' id='word_1_357' title='bbox 1903 2689 1956 2739; x_wconf 79' lang='lat'><strong>53</strong></span> <span class='ocrx_word' id='word_1_358' title='bbox 2002 2688 2213 2730; x_wconf 79' lang='lat' dir='ltr'><strong>Adoacer</strong></span> <span class='ocrx_word' id='word_1_359' title='bbox 2256 2688 2299 2729; x_wconf 87' lang='lat' dir='ltr'><strong>A</strong></span> <span class='ocrx_word' id='word_1_360' title='bbox 2330 2689 2381 2737; x_wconf 72' lang='lat'><strong>53</strong></span> <span class='ocrx_word' id='word_1_361' title='bbox 2426 2685 2640 2728; x_wconf 81' lang='lat' dir='ltr'><strong>odochar</strong></span> <span class='ocrx_word' id='word_1_362' title='bbox 2670 2684 2717 2727; x_wconf 88' lang='lat' dir='ltr'><strong>G</strong></span> <span class='ocrx_word' id='word_1_363' title='bbox 2752 2686 2839 2735; x_wconf 82' lang='lat' dir='ltr'><strong>5b;</strong></span> 
     </span>
     <span class='ocr_line' id='line_1_31' title="bbox 595 2743 2843 2798; baseline -0.001 -11"><span class='ocrx_word' id='word_1_364' title='bbox 595 2744 807 2787; x_wconf 75' lang='lat' dir='ltr'><strong>odachar</strong></span> <span class='ocrx_word' id='word_1_365' title='bbox 838 2744 881 2786; x_wconf 93' lang='lat' dir='ltr'>G</span> <span class='ocrx_word' id='word_1_366' title='bbox 910 2745 988 2796; x_wconf 67' lang='lat'><strong>503</strong></span> <span class='ocrx_word' id='word_1_367' title='bbox 1020 2746 1098 2787; x_wconf 82' lang='lat' dir='ltr'><strong>vel</strong></span> <span class='ocrx_word' id='word_1_368' title='bbox 1128 2745 1384 2787; x_wconf 80' lang='lat' dir='ltr'><strong>odoacrum</strong></span> <span class='ocrx_word' id='word_1_369' title='bbox 1415 2757 1629 2796; x_wconf 64' lang='lat' dir='ltr'><strong>superser-</strong></span> <span class='ocrx_word' id='word_1_370' title='bbox 1662 2746 1704 2787; x_wconf 91' lang='lat' dir='ltr'><strong>D</strong></span> <span class='ocrx_word' id='word_1_371' title='bbox 1739 2748 1779 2787; x_wconf 84' lang='lat'><strong>1.</strong></span> <span class='ocrx_word' id='word_1_372' title='bbox 1870 2745 1906 2798; x_wconf 77' lang='lat' dir='ltr'><strong>s)</strong></span> <span class='ocrx_word' id='word_1_373' title='bbox 1940 2749 2063 2789; x_wconf 83' lang='lat' dir='ltr'><strong>intra</strong></span> <span class='ocrx_word' id='word_1_374' title='bbox 2091 2749 2277 2789; x_wconf 80' lang='lat' dir='ltr'><strong>Italiam</strong></span> <span class='ocrx_word' id='word_1_375' title='bbox 2306 2746 2359 2787; x_wconf 88' lang='lat' dir='ltr'><strong>F.</strong></span> <span class='ocrx_word' id='word_1_376' title='bbox 2378 2746 2433 2789; x_wconf 90' lang='lat' dir='ltr'>G.</span> <span class='ocrx_word' id='word_1_377' title='bbox 2465 2748 2489 2786; x_wconf 93' lang='grc' dir='ltr'>Ι</span> <span class='ocrx_word' id='word_1_378' title='bbox 2509 2748 2549 2786; x_wconf 87' lang='grc'><strong>1.</strong></span> <span class='ocrx_word' id='word_1_379' title='bbox 2640 2743 2689 2795; x_wconf 74' lang='lat' dir='ltr'><strong>g)</strong></span> <span class='ocrx_word' id='word_1_380' title='bbox 2706 2745 2843 2787; x_wconf 81' lang='lat' dir='ltr'><strong>Feba</strong></span> 
     </span>
     <span class='ocr_line' id='line_1_32' title="bbox 593 2802 2840 2856; baseline 0 -12"><span class='ocrx_word' id='word_1_381' title='bbox 593 2805 632 2844; x_wconf 89' lang='lat' dir='ltr'>B</span> <span class='ocrx_word' id='word_1_382' title='bbox 668 2804 708 2845; x_wconf 95' lang='grc'><strong>1.</strong></span> <span class='ocrx_word' id='word_1_383' title='bbox 741 2804 778 2843; x_wconf 94' lang='lat' dir='ltr'><strong>F</strong></span> <span class='ocrx_word' id='word_1_384' title='bbox 812 2806 854 2844; x_wconf 92' lang='lat'><strong>1.</strong></span> <span class='ocrx_word' id='word_1_385' title='bbox 909 2805 949 2843; x_wconf 88' lang='lat' dir='ltr'>G</span> <span class='ocrx_word' id='word_1_386' title='bbox 980 2806 1019 2844; x_wconf 89' lang='lat'><strong>1.</strong></span> <span class='ocrx_word' id='word_1_387' title='bbox 1055 2806 1097 2845; x_wconf 94' lang='grc'><strong>2.</strong></span> <span class='ocrx_word' id='word_1_388' title='bbox 1145 2802 1206 2847; x_wconf 75' lang='lat'><strong>⁸5.</strong></span> <span class='ocrx_word' id='word_1_389' title='bbox 1241 2805 1311 2847; x_wconf 81' lang='lat' dir='ltr'><strong>5a.</strong></span> <span class='ocrx_word' id='word_1_390' title='bbox 1357 2806 1380 2845; x_wconf 94' lang='lat'>1</span> <span class='ocrx_word' id='word_1_391' title='bbox 1413 2805 1464 2855; x_wconf 67' lang='grc' dir='ltr'><strong>ὃς</strong></span> <span class='ocrx_word' id='word_1_392' title='bbox 1509 2806 1637 2846; x_wconf 84' lang='lat' dir='ltr'><strong>Fava</strong></span> <span class='ocrx_word' id='word_1_393' title='bbox 1666 2806 1705 2846; x_wconf 76' lang='grc' dir='ltr'>Ε</span> <span class='ocrx_word' id='word_1_394' title='bbox 1741 2808 1789 2855; x_wconf 86' lang='grc'><strong>1;</strong></span> <span class='ocrx_word' id='word_1_395' title='bbox 1834 2806 1962 2848; x_wconf 79' lang='lat' dir='ltr'><strong>Faba</strong></span> <span class='ocrx_word' id='word_1_396' title='bbox 2010 2806 2051 2849; x_wconf 94' lang='lat' dir='ltr'>G</span> <span class='ocrx_word' id='word_1_397' title='bbox 2082 2808 2124 2849; x_wconf 76' lang='lat'><strong>3.</strong></span> <span class='ocrx_word' id='word_1_398' title='bbox 2158 2808 2297 2856; x_wconf 78' lang='lat' dir='ltr'><strong>5b.c;</strong></span> <span class='ocrx_word' id='word_1_399' title='bbox 2341 2805 2475 2847; x_wconf 77' lang='lat' dir='ltr'><strong>Heba</strong></span> <span class='ocrx_word' id='word_1_400' title='bbox 2504 2804 2547 2845; x_wconf 88' lang='lat' dir='ltr'>A</span> <span class='ocrx_word' id='word_1_401' title='bbox 2577 2804 2619 2847; x_wconf 86' lang='grc'><strong>5.</strong></span> <span class='ocrx_word' id='word_1_402' title='bbox 2666 2804 2747 2845; x_wconf 75' lang='grc'><strong>51).</strong></span> <span class='ocrx_word' id='word_1_403' title='bbox 2785 2806 2840 2853; x_wconf 77' lang='lat'><strong>63</strong></span> 
     </span>
     <span class='ocr_line' id='line_1_33' title="bbox 593 2862 2843 2918; baseline 0 -15"><span class='ocrx_word' id='word_1_404' title='bbox 593 2862 740 2903; x_wconf 76' lang='lat' dir='ltr'><strong>Fleba</strong></span> <span class='ocrx_word' id='word_1_405' title='bbox 767 2862 806 2903; x_wconf 89' lang='lat' dir='ltr'>B</span> <span class='ocrx_word' id='word_1_406' title='bbox 840 2864 896 2911; x_wconf 78' lang='lat'><strong>23</strong></span> <span class='ocrx_word' id='word_1_407' title='bbox 925 2862 1085 2905; x_wconf 77' lang='lat' dir='ltr'><strong>Pheba</strong></span> <span class='ocrx_word' id='word_1_408' title='bbox 1113 2864 1150 2903; x_wconf 85' lang='lat' dir='ltr'><strong>F</strong></span> <span class='ocrx_word' id='word_1_409' title='bbox 1182 2865 1234 2914; x_wconf 76' lang='lat'><strong>33</strong></span> <span class='ocrx_word' id='word_1_410' title='bbox 1262 2864 1428 2905; x_wconf 76' lang='lat' dir='ltr'><strong>Fethia</strong></span> <span class='ocrx_word' id='word_1_411' title='bbox 1458 2864 1482 2904; x_wconf 93' lang='lat'>1</span> <span class='ocrx_word' id='word_1_412' title='bbox 1516 2867 1558 2908; x_wconf 88' lang='lat'><strong>1.</strong></span> <span class='ocrx_word' id='word_1_413' title='bbox 1684 2862 1734 2916; x_wconf 83' lang='lat' dir='ltr'><strong>h)</strong></span> <span class='ocrx_word' id='word_1_414' title='bbox 1767 2876 1859 2914; x_wconf 87' lang='lat' dir='ltr'><strong>qua</strong></span> <span class='ocrx_word' id='word_1_415' title='bbox 1888 2865 1929 2906; x_wconf 88' lang='lat' dir='ltr'>A</span> <span class='ocrx_word' id='word_1_416' title='bbox 1961 2867 2004 2909; x_wconf 84' lang='grc'><strong>2.</strong></span> <span class='ocrx_word' id='word_1_417' title='bbox 2120 2864 2155 2918; x_wconf 83' lang='grc'><strong>1)</strong></span> <span class='ocrx_word' id='word_1_418' title='bbox 2188 2877 2233 2916; x_wconf 85' lang='lat' dir='ltr'><strong>q.</strong></span> <span class='ocrx_word' id='word_1_419' title='bbox 2260 2865 2473 2905; x_wconf 83' lang='lat' dir='ltr'><strong>honorici</strong></span> <span class='ocrx_word' id='word_1_420' title='bbox 2500 2863 2543 2904; x_wconf 88' lang='lat' dir='ltr'><strong>A</strong></span> <span class='ocrx_word' id='word_1_421' title='bbox 2576 2865 2627 2914; x_wconf 77' lang='lat'><strong>13</strong></span> <span class='ocrx_word' id='word_1_422' title='bbox 2657 2873 2687 2903; x_wconf 84' lang='lat' dir='ltr'><strong>a</strong></span> <span class='ocrx_word' id='word_1_423' title='bbox 2721 2874 2843 2905; x_wconf 81' lang='lat' dir='ltr'><strong>nno-</strong></span> 
     </span>
     <span class='ocr_line' id='line_1_34' title="bbox 595 2919 2841 2975; baseline 0.001 -14"><span class='ocrx_word' id='word_1_424' title='bbox 595 2922 682 2962; x_wconf 80' lang='lat' dir='ltr'><strong>rici</strong></span> <span class='ocrx_word' id='word_1_425' title='bbox 711 2922 749 2961; x_wconf 88' lang='lat' dir='ltr'><strong>B</strong></span> <span class='ocrx_word' id='word_1_426' title='bbox 786 2925 836 2970; x_wconf 78' lang='lat'><strong>13</strong></span> <span class='ocrx_word' id='word_1_427' title='bbox 867 2922 1042 2962; x_wconf 83' lang='lat' dir='ltr'><strong>noricis</strong></span> <span class='ocrx_word' id='word_1_428' title='bbox 1072 2923 1113 2963; x_wconf 89' lang='lat' dir='ltr'><strong>A</strong></span> <span class='ocrx_word' id='word_1_429' title='bbox 1144 2921 1204 2966; x_wconf 81' lang='grc'><strong>’2.</strong></span> <span class='ocrx_word' id='word_1_430' title='bbox 1236 2924 1279 2963; x_wconf 90' lang='lat' dir='ltr'><strong>D</strong></span> <span class='ocrx_word' id='word_1_431' title='bbox 1312 2923 1352 2963; x_wconf 81' lang='lat'><strong>3.</strong></span> <span class='ocrx_word' id='word_1_432' title='bbox 1385 2922 1428 2964; x_wconf 89' lang='lat' dir='ltr'>G</span> <span class='ocrx_word' id='word_1_433' title='bbox 1457 2925 1530 2965; x_wconf 68' lang='lat' dir='ltr'><strong>aa.</strong></span> <span class='ocrx_word' id='word_1_434' title='bbox 1563 2920 1637 2973; x_wconf 77' lang='lat'><strong>‘53</strong></span> <span class='ocrx_word' id='word_1_435' title='bbox 1667 2934 1712 2973; x_wconf 90' lang='lat' dir='ltr'><strong>q.</strong></span> <span class='ocrx_word' id='word_1_436' title='bbox 1743 2925 1983 2965; x_wconf 80' lang='lat' dir='ltr'><strong>arrianicia</strong></span> <span class='ocrx_word' id='word_1_437' title='bbox 2013 2926 2057 2965; x_wconf 87' lang='lat' dir='ltr'><strong>D</strong></span> <span class='ocrx_word' id='word_1_438' title='bbox 2090 2926 2142 2975; x_wconf 79' lang='lat'><strong>83</strong></span> <span class='ocrx_word' id='word_1_439' title='bbox 2184 2926 2399 2966; x_wconf 75' lang='lat' dir='ltr'><strong>onericus</strong></span> <span class='ocrx_word' id='word_1_440' title='bbox 2431 2924 2559 2964; x_wconf 78' lang='lat' dir='ltr'><strong>sinus</strong></span> <span class='ocrx_word' id='word_1_441' title='bbox 2588 2923 2623 2968; x_wconf 83' lang='grc' dir='ltr'><strong>ί.</strong></span> <span class='ocrx_word' id='word_1_442' title='bbox 2650 2919 2689 2962; x_wconf 89' lang='lat' dir='ltr'><strong>F</strong></span> <span class='ocrx_word' id='word_1_443' title='bbox 2724 2924 2778 2973; x_wconf 63' lang='grc' dir='ltr'><strong>εἰς</strong></span> <span class='ocrx_word' id='word_1_444' title='bbox 2812 2932 2841 2963; x_wconf 82' lang='lat' dir='ltr'><strong>a</strong></span> 
     </span>
     <span class='ocr_line' id='line_1_35' title="bbox 596 2980 2835 3034; baseline 0.002 -14"><span class='ocrx_word' id='word_1_445' title='bbox 596 2981 747 3021; x_wconf 84' lang='lat' dir='ltr'><strong>norici</strong></span> <span class='ocrx_word' id='word_1_446' title='bbox 778 2992 801 3021; x_wconf 87' lang='lat' dir='ltr'><strong>e</strong></span> <span class='ocrx_word' id='word_1_447' title='bbox 829 2992 944 3021; x_wconf 82' lang='lat' dir='ltr'><strong>corr.</strong></span> <span class='ocrx_word' id='word_1_448' title='bbox 975 2982 1012 3020; x_wconf 98' lang='lat' dir='ltr'><strong>F</strong></span> <span class='ocrx_word' id='word_1_449' title='bbox 1047 2983 1087 3024; x_wconf 88' lang='grc'><strong>1.</strong></span> <span class='ocrx_word' id='word_1_450' title='bbox 1203 2980 1250 3034; x_wconf 81' lang='lat' dir='ltr'><strong>k)</strong></span> <span class='ocrx_word' id='word_1_451' title='bbox 1281 2983 1328 3022; x_wconf 89' lang='lat' dir='ltr'><strong>id</strong></span> <span class='ocrx_word' id='word_1_452' title='bbox 1359 2986 1429 3023; x_wconf 75' lang='lat' dir='ltr'><strong>est</strong></span> <span class='ocrx_word' id='word_1_453' title='bbox 1459 2984 1498 3023; x_wconf 93' lang='lat' dir='ltr'>B</span> <span class='ocrx_word' id='word_1_454' title='bbox 1532 2984 1573 3023; x_wconf 89' lang='grc'><strong>2.</strong></span> <span class='ocrx_word' id='word_1_455' title='bbox 1606 2983 1650 3023; x_wconf 82' lang='grc'><strong>3.</strong></span> <span class='ocrx_word' id='word_1_456' title='bbox 1681 2983 1718 3022; x_wconf 89' lang='lat' dir='ltr'><strong>F</strong></span> <span class='ocrx_word' id='word_1_457' title='bbox 1746 2985 1784 3025; x_wconf 88' lang='grc'><strong>1.</strong></span> <span class='ocrx_word' id='word_1_458' title='bbox 1818 2982 1873 3024; x_wconf 88' lang='lat' dir='ltr'><strong>G.</strong></span> <span class='ocrx_word' id='word_1_459' title='bbox 1909 3004 1962 3015; x_wconf 93' lang='lat'>—</span> <span class='ocrx_word' id='word_1_460' title='bbox 1995 2984 2202 3025; x_wconf 79' lang='lat' dir='ltr'><strong>Danubii</strong></span> <span class='ocrx_word' id='word_1_461' title='bbox 2230 2984 2297 3023; x_wconf 81' lang='lat' dir='ltr'><strong>vel</strong></span> <span class='ocrx_word' id='word_1_462' title='bbox 2325 2984 2533 3024; x_wconf 81' lang='lat' dir='ltr'><strong>Danuvii</strong></span> <span class='ocrx_word' id='word_1_463' title='bbox 2561 2982 2599 3022; x_wconf 86' lang='lat' dir='ltr'><strong>F</strong></span> <span class='ocrx_word' id='word_1_464' title='bbox 2632 2983 2673 3022; x_wconf 86' lang='lat'><strong>1.</strong></span> <span class='ocrx_word' id='word_1_465' title='bbox 2712 2980 2759 3022; x_wconf 88' lang='lat' dir='ltr'>G</span> <span class='ocrx_word' id='word_1_466' title='bbox 2794 2985 2835 3024; x_wconf 89' lang='lat'><strong>1.</strong></span> 
     </span>
     <span class='ocr_line' id='line_1_36' title="bbox 595 3037 2840 3093; baseline 0.001 -15"><span class='ocrx_word' id='word_1_467' title='bbox 595 3039 637 3081; x_wconf 89' lang='grc'><strong>2.</strong></span> <span class='ocrx_word' id='word_1_468' title='bbox 671 3038 713 3082; x_wconf 78' lang='grc'><strong>3.</strong></span> <span class='ocrx_word' id='word_1_469' title='bbox 846 3037 881 3092; x_wconf 88' lang='lat'><strong>1)</strong></span> <span class='ocrx_word' id='word_1_470' title='bbox 917 3039 1150 3082; x_wconf 79' lang='lat' dir='ltr'><strong>Seviriani</strong></span> <span class='ocrx_word' id='word_1_471' title='bbox 1178 3042 1215 3081; x_wconf 90' lang='lat' dir='ltr'><strong>F</strong></span> <span class='ocrx_word' id='word_1_472' title='bbox 1250 3044 1300 3091; x_wconf 78' lang='lat'><strong>13</strong></span> <span class='ocrx_word' id='word_1_473' title='bbox 1334 3040 1576 3083; x_wconf 79' lang='lat' dir='ltr'><strong>severiani</strong></span> <span class='ocrx_word' id='word_1_474' title='bbox 1609 3041 1662 3081; x_wconf 90' lang='lat' dir='ltr'>G.</span> <span class='ocrx_word' id='word_1_475' title='bbox 1695 3042 1719 3082; x_wconf 88' lang='lat'>1</span> <span class='ocrx_word' id='word_1_476' title='bbox 1750 3042 1792 3093; x_wconf 89' lang='grc'><strong>2,</strong></span> <span class='ocrx_word' id='word_1_477' title='bbox 1833 3054 1946 3083; x_wconf 85' lang='lat' dir='ltr'><strong>corr.</strong></span> <span class='ocrx_word' id='word_1_478' title='bbox 1979 3041 2195 3084; x_wconf 71' lang='lat' dir='ltr'><strong>Severini</strong></span> <span class='ocrx_word' id='word_1_479' title='bbox 2223 3044 2247 3084; x_wconf 96' lang='lat'>1</span> <span class='ocrx_word' id='word_1_480' title='bbox 2281 3044 2321 3083; x_wconf 86' lang='lat'><strong>1.</strong></span> <span class='ocrx_word' id='word_1_481' title='bbox 2451 3039 2514 3093; x_wconf 89' lang='lat' dir='ltr'><strong>m)</strong></span> <span class='ocrx_word' id='word_1_482' title='bbox 2545 3041 2840 3082; x_wconf 69' lang='lat' dir='ltr'><strong>abstinentia</strong></span> 
     </span>
     <span class='ocr_line' id='line_1_37' title="bbox 591 3096 2836 3154; baseline 0.001 -16"><span class='ocrx_word' id='word_1_483' title='bbox 591 3098 628 3138; x_wconf 88' lang='lat' dir='ltr'><strong>F</strong></span> <span class='ocrx_word' id='word_1_484' title='bbox 662 3098 703 3141; x_wconf 88' lang='grc'><strong>1.</strong></span> <span class='ocrx_word' id='word_1_485' title='bbox 739 3097 794 3141; x_wconf 89' lang='lat' dir='ltr'>G.</span> <span class='ocrx_word' id='word_1_486' title='bbox 829 3100 869 3142; x_wconf 90' lang='lat'><strong>1.</strong></span> <span class='ocrx_word' id='word_1_487' title='bbox 903 3100 944 3139; x_wconf 88' lang='grc'><strong>2.</strong></span> <span class='ocrx_word' id='word_1_488' title='bbox 981 3122 1032 3130; x_wconf 93' lang='grc'>-</span> <span class='ocrx_word' id='word_1_489' title='bbox 1065 3101 1356 3142; x_wconf 80' lang='lat' dir='ltr'><strong>sanctitatem</strong></span> <span class='ocrx_word' id='word_1_490' title='bbox 1385 3101 1426 3141; x_wconf 88' lang='lat' dir='ltr'><strong>A</strong></span> <span class='ocrx_word' id='word_1_491' title='bbox 1459 3102 1511 3151; x_wconf 76' lang='lat'><strong>23</strong></span> <span class='ocrx_word' id='word_1_492' title='bbox 1542 3101 1777 3141; x_wconf 80' lang='lat' dir='ltr'><strong>sanctitati</strong></span> <span class='ocrx_word' id='word_1_493' title='bbox 1804 3102 1841 3141; x_wconf 91' lang='lat' dir='ltr'><strong>F</strong></span> <span class='ocrx_word' id='word_1_494' title='bbox 1876 3104 1915 3144; x_wconf 89' lang='lat'><strong>1.</strong></span> <span class='ocrx_word' id='word_1_495' title='bbox 2036 3100 2087 3154; x_wconf 77' lang='lat' dir='ltr'><strong>n)</strong></span> <span class='ocrx_word' id='word_1_496' title='bbox 2119 3103 2268 3143; x_wconf 82' lang='lat' dir='ltr'><strong>isdem</strong></span> <span class='ocrx_word' id='word_1_497' title='bbox 2299 3102 2340 3142; x_wconf 88' lang='lat' dir='ltr'><strong>A</strong></span> <span class='ocrx_word' id='word_1_498' title='bbox 2372 3097 2434 3141; x_wconf 73' lang='lat'><strong>⁸2.</strong></span> <span class='ocrx_word' id='word_1_499' title='bbox 2467 3100 2502 3142; x_wconf 82' lang='lat' dir='ltr'><strong>G</strong></span> <span class='ocrx_word' id='word_1_500' title='bbox 2534 3096 2596 3141; x_wconf 80' lang='lat'><strong>*1.</strong></span> <span class='ocrx_word' id='word_1_501' title='bbox 2633 3101 2655 3139; x_wconf 94' lang='lat'><strong>1</strong></span> <span class='ocrx_word' id='word_1_502' title='bbox 2708 3100 2758 3139; x_wconf 88' lang='lat' dir='ltr'><strong>D</strong></span> <span class='ocrx_word' id='word_1_503' title='bbox 2794 3103 2836 3141; x_wconf 88' lang='lat'><strong>1.</strong></span> 
     </span>
     <span class='ocr_line' id='line_1_38' title="bbox 593 3156 2836 3211; baseline 0.001 -13"><span class='ocrx_word' id='word_1_504' title='bbox 593 3158 616 3198; x_wconf 93' lang='lat'>1</span> <span class='ocrx_word' id='word_1_505' title='bbox 649 3159 691 3203; x_wconf 92' lang='grc'><strong>1.</strong></span> <span class='ocrx_word' id='word_1_506' title='bbox 737 3158 790 3200; x_wconf 76' lang='lat' dir='ltr'>G.</span> <span class='ocrx_word' id='word_1_507' title='bbox 839 3159 998 3209; x_wconf 74' lang='lat' dir='ltr'><strong>Neap.;</strong></span> <span class='ocrx_word' id='word_1_508' title='bbox 1047 3160 1222 3200; x_wconf 82' lang='lat' dir='ltr'><strong>eisdem</strong></span> <span class='ocrx_word' id='word_1_509' title='bbox 1264 3156 1339 3200; x_wconf 80' lang='lat' dir='ltr'><strong>B.‘</strong></span> <span class='ocrx_word' id='word_1_510' title='bbox 1368 3162 1406 3200; x_wconf 87' lang='lat' dir='ltr'><strong>F</strong></span> <span class='ocrx_word' id='word_1_511' title='bbox 1437 3158 1501 3201; x_wconf 82' lang='grc'><strong>’2.</strong></span> <span class='ocrx_word' id='word_1_512' title='bbox 1535 3162 1578 3201; x_wconf 79' lang='grc'><strong>4.</strong></span> <span class='ocrx_word' id='word_1_513' title='bbox 1622 3159 1665 3201; x_wconf 92' lang='lat' dir='ltr'><strong>G</strong></span> <span class='ocrx_word' id='word_1_514' title='bbox 1695 3160 1737 3203; x_wconf 88' lang='lat'><strong>5.</strong></span> <span class='ocrx_word' id='word_1_515' title='bbox 1770 3160 1794 3201; x_wconf 93' lang='grc' dir='ltr'>Ι</span> <span class='ocrx_word' id='word_1_516' title='bbox 1826 3162 1877 3211; x_wconf 72' lang='lat'><strong>33</strong></span> <span class='ocrx_word' id='word_1_517' title='bbox 1924 3161 2131 3202; x_wconf 78' lang='lat' dir='ltr'><strong>eiusdem</strong></span> <span class='ocrx_word' id='word_1_518' title='bbox 2176 3162 2215 3202; x_wconf 77' lang='grc' dir='ltr'><strong>Ε</strong></span> <span class='ocrx_word' id='word_1_519' title='bbox 2248 3161 2289 3202; x_wconf 89' lang='grc'><strong>1.</strong></span> <span class='ocrx_word' id='word_1_520' title='bbox 2328 3161 2365 3200; x_wconf 91' lang='lat' dir='ltr'><strong>F</strong></span> <span class='ocrx_word' id='word_1_521' title='bbox 2398 3162 2440 3199; x_wconf 87' lang='lat'><strong>1.</strong></span> <span class='ocrx_word' id='word_1_522' title='bbox 2474 3160 2514 3202; x_wconf 84' lang='grc'><strong>2.</strong></span> <span class='ocrx_word' id='word_1_523' title='bbox 2561 3158 2602 3200; x_wconf 90' lang='grc'><strong>6</strong></span> <span class='ocrx_word' id='word_1_524' title='bbox 2634 3160 2679 3201; x_wconf 91' lang='grc'><strong>1.</strong></span> <span class='ocrx_word' id='word_1_525' title='bbox 2710 3160 2757 3201; x_wconf 75' lang='grc'><strong>8.</strong></span> <span class='ocrx_word' id='word_1_526' title='bbox 2792 3162 2836 3200; x_wconf 81' lang='lat'><strong>4.</strong></span> 
     </span>
     <span class='ocr_line' id='line_1_39' title="bbox 593 3215 2835 3273; baseline 0 -16"><span class='ocrx_word' id='word_1_527' title='bbox 593 3215 639 3268; x_wconf 91' lang='lat' dir='ltr'><strong>o)</strong></span> <span class='ocrx_word' id='word_1_528' title='bbox 671 3216 894 3268; x_wconf 80' lang='lat' dir='ltr'><strong>Neapolis</strong></span> <span class='ocrx_word' id='word_1_529' title='bbox 924 3220 979 3259; x_wconf 90' lang='lat' dir='ltr'><strong>B.</strong></span> <span class='ocrx_word' id='word_1_530' title='bbox 1012 3219 1070 3258; x_wconf 91' lang='lat' dir='ltr'><strong>D.</strong></span> <span class='ocrx_word' id='word_1_531' title='bbox 1106 3218 1147 3259; x_wconf 91' lang='lat' dir='ltr'><strong>G</strong></span> <span class='ocrx_word' id='word_1_532' title='bbox 1177 3219 1219 3261; x_wconf 88' lang='lat'><strong>5.</strong></span> <span class='ocrx_word' id='word_1_533' title='bbox 1253 3219 1276 3259; x_wconf 90' lang='lat'>1</span> <span class='ocrx_word' id='word_1_534' title='bbox 1307 3220 1349 3261; x_wconf 79' lang='lat'><strong>3.</strong></span> <span class='ocrx_word' id='word_1_535' title='bbox 1480 3217 1531 3271; x_wconf 87' lang='lat' dir='ltr'><strong>p)</strong></span> <span class='ocrx_word' id='word_1_536' title='bbox 1566 3220 1697 3259; x_wconf 83' lang='lat' dir='ltr'><strong>cuius</strong></span> <span class='ocrx_word' id='word_1_537' title='bbox 1744 3218 1785 3258; x_wconf 88' lang='lat' dir='ltr'><strong>A</strong></span> <span class='ocrx_word' id='word_1_538' title='bbox 1818 3218 1875 3260; x_wconf 76' lang='lat'><strong>2?</strong></span> <span class='ocrx_word' id='word_1_539' title='bbox 1904 3221 1943 3260; x_wconf 90' lang='lat' dir='ltr'>B</span> <span class='ocrx_word' id='word_1_540' title='bbox 1978 3221 2020 3261; x_wconf 90' lang='lat'><strong>1.</strong></span> <span class='ocrx_word' id='word_1_541' title='bbox 2142 3218 2190 3272; x_wconf 87' lang='lat' dir='ltr'><strong>q)</strong></span> <span class='ocrx_word' id='word_1_542' title='bbox 2225 3219 2350 3273; x_wconf 67' lang='lat' dir='ltr'><strong>Gya·</strong></span> <span class='ocrx_word' id='word_1_543' title='bbox 2382 3219 2423 3260; x_wconf 90' lang='lat' dir='ltr'><strong>G</strong></span> <span class='ocrx_word' id='word_1_544' title='bbox 2453 3219 2505 3269; x_wconf 72' lang='grc' dir='ltr'><strong>Δις</strong></span> <span class='ocrx_word' id='word_1_545' title='bbox 2540 3217 2665 3271; x_wconf 77' lang='lat' dir='ltr'><strong>Gyso</strong></span> <span class='ocrx_word' id='word_1_546' title='bbox 2696 3217 2744 3258; x_wconf 79' lang='lat' dir='ltr'><strong>A</strong></span> <span class='ocrx_word' id='word_1_547' title='bbox 2778 3218 2835 3267; x_wconf 80' lang='lat'><strong>83</strong></span> 
     </span>
     <span class='ocr_line' id='line_1_40' title="bbox 594 3275 2595 3332; baseline 0.002 -15"><span class='ocrx_word' id='word_1_548' title='bbox 594 3276 707 3317; x_wconf 76' lang='lat' dir='ltr'><strong>Giflo</strong></span> <span class='ocrx_word' id='word_1_549' title='bbox 740 3277 790 3319; x_wconf 77' lang='lat' dir='ltr'><strong>G.</strong></span> <span class='ocrx_word' id='word_1_550' title='bbox 822 3277 961 3327; x_wconf 81' lang='lat' dir='ltr'><strong>Neap.</strong></span> <span class='ocrx_word' id='word_1_551' title='bbox 1081 3275 1122 3329; x_wconf 83' lang='lat' dir='ltr'><strong>r)</strong></span> <span class='ocrx_word' id='word_1_552' title='bbox 1154 3279 1345 3319; x_wconf 81' lang='lat' dir='ltr'><strong>verbum</strong></span> <span class='ocrx_word' id='word_1_553' title='bbox 1377 3275 1432 3332; x_wconf 70' lang='grc'><strong>(9)</strong></span> <span class='ocrx_word' id='word_1_554' title='bbox 1466 3290 1581 3318; x_wconf 83' lang='lat' dir='ltr'><strong>corr.</strong></span> <span class='ocrx_word' id='word_1_555' title='bbox 1613 3278 1767 3319; x_wconf 78' lang='lat' dir='ltr'><strong>verbIs</strong></span> <span class='ocrx_word' id='word_1_556' title='bbox 1797 3280 1833 3318; x_wconf 88' lang='lat' dir='ltr'><strong>F</strong></span> <span class='ocrx_word' id='word_1_557' title='bbox 1867 3281 1911 3321; x_wconf 94' lang='lat'><strong>1.</strong></span> <span class='ocrx_word' id='word_1_558' title='bbox 1947 3278 1989 3320; x_wconf 92' lang='lat' dir='ltr'><strong>G</strong></span> <span class='ocrx_word' id='word_1_559' title='bbox 2020 3281 2059 3322; x_wconf 88' lang='lat'><strong>1.</strong></span> <span class='ocrx_word' id='word_1_560' title='bbox 2589 3286 2595 3291; x_wconf 84' lang='grc'><em>“</em></span> 
     </span>
    </p>
   </div>
   <div class='ocr_carea' id='block_1_7' title="bbox 584 3411 2846 4436">
    <p class='ocr_par' dir='ltr' id='par_1_8' title="bbox 584 3411 2846 4436">
     <span class='ocr_line' id='line_1_41' title="bbox 597 3411 2839 3485; baseline 0.003 -24"><span class='ocrx_word' id='word_1_561' title='bbox 597 3411 654 3480; x_wconf 92' lang='grc'><strong>1)</strong></span> <span class='ocrx_word' id='word_1_562' title='bbox 702 3412 886 3465; x_wconf 80' lang='lat' dir='ltr'><strong>Totum</strong></span> <span class='ocrx_word' id='word_1_563' title='bbox 929 3432 1048 3481; x_wconf 81' lang='lat' dir='ltr'><strong>cap.</strong></span> <span class='ocrx_word' id='word_1_564' title='bbox 1089 3431 1154 3467; x_wconf 75' lang='lat' dir='ltr'><strong>ex</strong></span> <span class='ocrx_word' id='word_1_565' title='bbox 1198 3414 1340 3483; x_wconf 77' lang='lat' dir='ltr'><strong>Oriq.</strong></span> <span class='ocrx_word' id='word_1_566' title='bbox 1391 3423 1635 3467; x_wconf 73' lang='lat' dir='ltr'><strong>sumtum.</strong></span> <span class='ocrx_word' id='word_1_567' title='bbox 1796 3416 1850 3483; x_wconf 87' lang='grc'><strong>2)</strong></span> <span class='ocrx_word' id='word_1_568' title='bbox 1894 3414 1973 3482; x_wconf 68' lang='lat' dir='ltr'><strong>CJ.</strong></span> <span class='ocrx_word' id='word_1_569' title='bbox 2027 3414 2189 3485; x_wconf 64' lang='lat' dir='ltr'><strong>Oriq„</strong></span> <span class='ocrx_word' id='word_1_570' title='bbox 2240 3432 2469 3483; x_wconf 78' lang='lat' dir='ltr'><strong>quacum</strong></span> <span class='ocrx_word' id='word_1_571' title='bbox 2516 3414 2729 3467; x_wconf 73' lang='lat' dir='ltr'><strong>Paulus</strong></span> <span class='ocrx_word' id='word_1_572' title='bbox 2771 3433 2839 3469; x_wconf 87' lang='lat' dir='ltr'><strong>ea</strong></span> 
     </span>
     <span class='ocr_line' id='line_1_42' title="bbox 593 3486 2839 3555; baseline 0.002 -18"><span class='ocrx_word' id='word_1_573' title='bbox 593 3486 864 3552; x_wconf 76' lang='lat' dir='ltr'><strong>conjumxit</strong></span> <span class='ocrx_word' id='word_1_574' title='bbox 900 3504 1038 3553; x_wconf 78' lang='lat' dir='ltr'><strong>qaae</strong></span> <span class='ocrx_word' id='word_1_575' title='bbox 1073 3486 1133 3537; x_wconf 90' lang='lat' dir='ltr'><strong>in</strong></span> <span class='ocrx_word' id='word_1_576' title='bbox 1175 3487 1296 3539; x_wconf 82' lang='lat' dir='ltr'><strong>Vita</strong></span> <span class='ocrx_word' id='word_1_577' title='bbox 1334 3486 1577 3541; x_wconf 77' lang='lat' dir='ltr'><strong>Severini</strong></span> <span class='ocrx_word' id='word_1_578' title='bbox 1610 3488 1827 3555; x_wconf 77' lang='lat' dir='ltr'><strong>reperit.</strong></span> <span class='ocrx_word' id='word_1_579' title='bbox 1900 3488 1989 3540; x_wconf 76' lang='lat' dir='ltr'><strong>Ex</strong></span> <span class='ocrx_word' id='word_1_580' title='bbox 2027 3489 2127 3541; x_wconf 79' lang='lat' dir='ltr'><strong>hac</strong></span> <span class='ocrx_word' id='word_1_581' title='bbox 2177 3490 2335 3542; x_wconf 82' lang='lat' dir='ltr'><strong>etiam</strong></span> <span class='ocrx_word' id='word_1_582' title='bbox 2370 3504 2561 3541; x_wconf 86' lang='lat' dir='ltr'><strong>nomen</strong></span> <span class='ocrx_word' id='word_1_583' title='bbox 2596 3488 2839 3542; x_wconf 73' lang='lat' dir='ltr'><strong>Pelethei</strong></span> 
     </span>
     <span class='ocr_line' id='line_1_43' title="bbox 591 3558 2837 3630; baseline 0.002 -20"><span class='ocrx_word' id='word_1_584' title='bbox 591 3559 794 3622; x_wconf 70' lang='lat' dir='ltr'><strong>sumsit,</strong></span> <span class='ocrx_word' id='word_1_585' title='bbox 833 3576 877 3611; x_wconf 92' lang='lat' dir='ltr'><strong>c.</strong></span> <span class='ocrx_word' id='word_1_586' title='bbox 917 3560 970 3613; x_wconf 87' lang='lat'><strong>8.</strong></span> <span class='ocrx_word' id='word_1_587' title='bbox 1116 3558 1175 3627; x_wconf 86' lang='lat'><strong>3)</strong></span> <span class='ocrx_word' id='word_1_588' title='bbox 1213 3561 1548 3630; x_wconf 64' lang='lat' dir='ltr'><strong>Effer-inqen,</strong></span> <span class='ocrx_word' id='word_1_589' title='bbox 1593 3563 1669 3615; x_wconf 88' lang='lat' dir='ltr'><strong>ad</strong></span> <span class='ocrx_word' id='word_1_590' title='bbox 1712 3562 1924 3614; x_wconf 79' lang='lat' dir='ltr'><strong>radices</strong></span> <span class='ocrx_word' id='word_1_591' title='bbox 1971 3562 2160 3615; x_wconf 75' lang='lat' dir='ltr'><strong>montis</strong></span> <span class='ocrx_word' id='word_1_592' title='bbox 2196 3562 2513 3630; x_wconf 77' lang='lat' dir='ltr'><strong>Kalenber9‚</strong></span> <span class='ocrx_word' id='word_1_593' title='bbox 2564 3568 2759 3628; x_wconf 78' lang='lat' dir='ltr'><strong>quarto</strong></span> <span class='ocrx_word' id='word_1_594' title='bbox 2802 3581 2837 3615; x_wconf 83' lang='lat' dir='ltr'><strong>a</strong></span> 
     </span>
     <span class='ocr_line' id='line_1_44' title="bbox 605 3631 2837 3703; baseline 0.003 -21"><span class='ocrx_word' id='word_1_595' title='bbox 605 3631 918 3683; x_wconf 75' lang='lat' dir='ltr'><strong>Vindobona</strong></span> <span class='ocrx_word' id='word_1_596' title='bbox 970 3632 1166 3699; x_wconf 79' lang='lat' dir='ltr'><strong>lapide,</strong></span> <span class='ocrx_word' id='word_1_597' title='bbox 1223 3634 1316 3685; x_wconf 84' lang='lat' dir='ltr'><strong>ubi</strong></span> <span class='ocrx_word' id='word_1_598' title='bbox 1361 3635 1587 3703; x_wconf 68' lang='lat' dir='ltr'><strong>vestigia</strong></span> <span class='ocrx_word' id='word_1_599' title='bbox 1640 3635 1947 3688; x_wconf 72' lang='lat' dir='ltr'><strong>monasterii</strong></span> <span class='ocrx_word' id='word_1_600' title='bbox 1999 3635 2204 3688; x_wconf 64' lang='grc' dir='ltr'><strong>,δαείω</strong></span> <span class='ocrx_word' id='word_1_601' title='bbox 2261 3636 2437 3687; x_wconf 80' lang='lat' dir='ltr'><strong>adhuc</strong></span> <span class='ocrx_word' id='word_1_602' title='bbox 2482 3635 2639 3687; x_wconf 78' lang='lat' dir='ltr'><strong>vidit.</strong></span> <span class='ocrx_word' id='word_1_603' title='bbox 2714 3636 2837 3690; x_wconf 85' lang='lat' dir='ltr'><strong>BE.</strong></span> 
     </span>
     <span class='ocr_line' id='line_1_45' title="bbox 594 3702 2837 3777; baseline 0.002 -21"><span class='ocrx_word' id='word_1_604' title='bbox 594 3702 653 3772; x_wconf 83' lang='lat'><strong>4)</strong></span> <span class='ocrx_word' id='word_1_605' title='bbox 694 3702 752 3757; x_wconf 80' lang='lat' dir='ltr'><strong>S.</strong></span> <span class='ocrx_word' id='word_1_606' title='bbox 792 3702 1033 3757; x_wconf 76' lang='lat' dir='ltr'><strong>Severini</strong></span> <span class='ocrx_word' id='word_1_607' title='bbox 1083 3706 1399 3758; x_wconf 83' lang='lat' dir='ltr'><strong>Noricorum</strong></span> <span class='ocrx_word' id='word_1_608' title='bbox 1438 3709 1661 3774; x_wconf 71' lang='lat' dir='ltr'><strong>apostoli</strong></span> <span class='ocrx_word' id='word_1_609' title='bbox 1710 3725 1901 3775; x_wconf 70' lang='lat' dir='ltr'><strong>corpus</strong></span> <span class='ocrx_word' id='word_1_610' title='bbox 1949 3726 2091 3761; x_wconf 77' lang='lat' dir='ltr'><strong>wnno</strong></span> <span class='ocrx_word' id='word_1_611' title='bbox 2140 3716 2285 3762; x_wconf 71' lang='lat' dir='ltr'><strong>sexto</strong></span> <span class='ocrx_word' id='word_1_612' title='bbox 2322 3709 2665 3775; x_wconf 75' lang='lat' dir='ltr'><strong>depositionis</strong></span> <span class='ocrx_word' id='word_1_613' title='bbox 2702 3710 2837 3777; x_wconf 75' lang='lat' dir='ltr'><strong>ejus,</strong></span> 
     </span>
     <span class='ocr_line' id='line_1_46' title="bbox 592 3778 2841 3849; baseline 0.004 -22"><span class='ocrx_word' id='word_1_614' title='bbox 592 3783 652 3828; x_wconf 73' lang='lat' dir='ltr'><strong>ui</strong></span> <span class='ocrx_word' id='word_1_615' title='bbox 689 3778 766 3829; x_wconf 78' lang='lat' dir='ltr'><strong>ait</strong></span> <span class='ocrx_word' id='word_1_616' title='bbox 800 3779 1122 3847; x_wconf 68' lang='lat' dir='ltr'><strong>Eugippitw,</strong></span> <span class='ocrx_word' id='word_1_617' title='bbox 1159 3780 1509 3849; x_wconf 75' lang='lat' dir='ltr'><strong>miqrantibas</strong></span> <span class='ocrx_word' id='word_1_618' title='bbox 1546 3780 1603 3832; x_wconf 89' lang='lat' dir='ltr'><strong>in</strong></span> <span class='ocrx_word' id='word_1_619' title='bbox 1644 3781 1862 3833; x_wconf 75' lang='lat' dir='ltr'><strong>Italiam</strong></span> <span class='ocrx_word' id='word_1_620' title='bbox 1899 3781 2157 3835; x_wconf 73' lang='lat' dir='ltr'><strong>Romanis</strong></span> <span class='ocrx_word' id='word_1_621' title='bbox 2194 3799 2229 3833; x_wconf 91' lang='lat' dir='ltr'><strong>a</strong></span> <span class='ocrx_word' id='word_1_622' title='bbox 2265 3781 2539 3849; x_wconf 73' lang='lat' dir='ltr'><strong>Ruyorum</strong></span> <span class='ocrx_word' id='word_1_623' title='bbox 2586 3781 2841 3836; x_wconf 71' lang='lat' dir='ltr'><strong>servitute</strong></span> 
     </span>
     <span class='ocr_line' id='line_1_47' title="bbox 593 3850 2844 3919; baseline 0.003 -18"><span class='ocrx_word' id='word_1_624' title='bbox 593 3850 844 3913; x_wconf 71' lang='lat' dir='ltr'><strong>liberatis,</strong></span> <span class='ocrx_word' id='word_1_625' title='bbox 888 3854 1127 3919; x_wconf 79' lang='lat' dir='ltr'><strong>primum</strong></span> <span class='ocrx_word' id='word_1_626' title='bbox 1181 3853 1239 3904; x_wconf 87' lang='lat' dir='ltr'><strong>in</strong></span> <span class='ocrx_word' id='word_1_627' title='bbox 1279 3854 1510 3907; x_wconf 77' lang='lat' dir='ltr'><strong>Mentem</strong></span> <span class='ocrx_word' id='word_1_628' title='bbox 1567 3854 1860 3919; x_wconf 63' lang='lat' dir='ltr'><strong>Ferarum,</strong></span> <span class='ocrx_word' id='word_1_629' title='bbox 1918 3854 2043 3908; x_wconf 82' lang='lat' dir='ltr'><strong>inde</strong></span> <span class='ocrx_word' id='word_1_630' title='bbox 2097 3872 2219 3909; x_wconf 86' lang='lat' dir='ltr'><strong>vero</strong></span> <span class='ocrx_word' id='word_1_631' title='bbox 2280 3856 2593 3909; x_wconf 71' lang='lat' dir='ltr'><strong>auctoritate</strong></span> <span class='ocrx_word' id='word_1_632' title='bbox 2631 3855 2844 3909; x_wconf 78' lang='lat' dir='ltr'><strong>Gelasii</strong></span> 
     </span>
     <span class='ocr_line' id='line_1_48' title="bbox 584 3924 2837 3995; baseline 0.003 -20"><span class='ocrx_word' id='word_1_633' title='bbox 584 3924 873 3991; x_wconf 69' lang='lat' dir='ltr'><strong>pontificis,</strong></span> <span class='ocrx_word' id='word_1_634' title='bbox 927 3934 1135 3992; x_wconf 78' lang='lat' dir='ltr'><strong>petente</strong></span> <span class='ocrx_word' id='word_1_635' title='bbox 1184 3926 1382 3979; x_wconf 76' lang='lat' dir='ltr'><strong>illustri</strong></span> <span class='ocrx_word' id='word_1_636' title='bbox 1415 3928 1664 3995; x_wconf 84' lang='lat' dir='ltr'><strong>foemina</strong></span> <span class='ocrx_word' id='word_1_637' title='bbox 1721 3928 1999 3980; x_wconf 86' lang='lat' dir='ltr'><strong>Barbaria</strong></span> <span class='ocrx_word' id='word_1_638' title='bbox 2052 3929 2111 3980; x_wconf 82' lang='lat' dir='ltr'><strong>in</strong></span> <span class='ocrx_word' id='word_1_639' title='bbox 2168 3936 2401 3981; x_wconf 70' lang='lat' dir='ltr'><strong>castrum</strong></span> <span class='ocrx_word' id='word_1_640' title='bbox 2452 3928 2837 3995; x_wconf 75' lang='lat' dir='ltr'><strong>Lucullanum,</strong></span> 
     </span>
     <span class='ocr_line' id='line_1_49' title="bbox 597 3999 2838 4069; baseline 0.003 -20"><span class='ocrx_word' id='word_1_641' title='bbox 597 4005 646 4049; x_wconf 82' lang='lat' dir='ltr'><strong>et</strong></span> <span class='ocrx_word' id='word_1_642' title='bbox 684 4004 949 4063; x_wconf 66' lang='lat' dir='ltr'><strong>postremo</strong></span> <span class='ocrx_word' id='word_1_643' title='bbox 999 3999 1372 4062; x_wconf 71' lang='lat' dir='ltr'><strong>infestantibus</strong></span> <span class='ocrx_word' id='word_1_644' title='bbox 1425 4000 1754 4069; x_wconf 79' lang='lat' dir='ltr'><strong>Campaniae</strong></span> <span class='ocrx_word' id='word_1_645' title='bbox 1804 4002 1963 4054; x_wconf 71' lang='lat' dir='ltr'><strong>litora</strong></span> <span class='ocrx_word' id='word_1_646' title='bbox 2002 4000 2291 4054; x_wconf 75' lang='lat' dir='ltr'><strong>Saracenis</strong></span> <span class='ocrx_word' id='word_1_647' title='bbox 2346 4016 2487 4053; x_wconf 87' lang='lat' dir='ltr'><strong>anno</strong></span> <span class='ocrx_word' id='word_1_648' title='bbox 2540 4000 2666 4056; x_wconf 72' lang='lat' dir='ltr'><strong>chr.</strong></span> <span class='ocrx_word' id='word_1_649' title='bbox 2706 4003 2838 4055; x_wconf 84' lang='grc'><strong>910.</strong></span> 
     </span>
     <span class='ocr_line' id='line_1_50' title="bbox 601 4070 2843 4142; baseline 0.004 -21"><span class='ocrx_word' id='word_1_650' title='bbox 601 4070 884 4137; x_wconf 75' lang='lat' dir='ltr'><strong>Neapolim</strong></span> <span class='ocrx_word' id='word_1_651' title='bbox 921 4074 1256 4138; x_wconf 70' lang='lat' dir='ltr'><strong>translatum,</strong></span> <span class='ocrx_word' id='word_1_652' title='bbox 1296 4081 1344 4126; x_wconf 79' lang='lat' dir='ltr'><strong>et</strong></span> <span class='ocrx_word' id='word_1_653' title='bbox 1378 4074 1438 4126; x_wconf 82' lang='lat' dir='ltr'><strong>in</strong></span> <span class='ocrx_word' id='word_1_654' title='bbox 1475 4076 1664 4128; x_wconf 81' lang='lat' dir='ltr'><strong>celebri</strong></span> <span class='ocrx_word' id='word_1_655' title='bbox 1710 4075 2023 4128; x_wconf 71' lang='lat' dir='ltr'><strong>monasterio</strong></span> <span class='ocrx_word' id='word_1_656' title='bbox 2063 4073 2122 4127; x_wconf 77' lang='lat' dir='ltr'><strong>S.</strong></span> <span class='ocrx_word' id='word_1_657' title='bbox 2162 4074 2405 4127; x_wconf 67' lang='lat' dir='ltr'><strong>Severini</strong></span> <span class='ocrx_word' id='word_1_658' title='bbox 2432 4090 2537 4142; x_wconf 79' lang='lat' dir='ltr'><strong>per</strong></span> <span class='ocrx_word' id='word_1_659' title='bbox 2574 4076 2843 4129; x_wconf 80' lang='lat' dir='ltr'><strong>Joannem</strong></span> 
     </span>
     <span class='ocr_line' id='line_1_51' title="bbox 602 4143 2841 4217; baseline 0.005 -24"><span class='ocrx_word' id='word_1_660' title='bbox 602 4143 842 4197; x_wconf 78' lang='lat' dir='ltr'><strong>abbatem</strong></span> <span class='ocrx_word' id='word_1_661' title='bbox 891 4146 1106 4197; x_wconf 72' lang='lat' dir='ltr'><strong>solemni</strong></span> <span class='ocrx_word' id='word_1_662' title='bbox 1139 4164 1346 4213; x_wconf 81' lang='lat' dir='ltr'><strong>pompa</strong></span> <span class='ocrx_word' id='word_1_663' title='bbox 1395 4149 1665 4201; x_wconf 79' lang='lat' dir='ltr'><strong>conditam</strong></span> <span class='ocrx_word' id='word_1_664' title='bbox 1680 4187 1696 4214; x_wconf 93' lang='lat'><strong>,</strong></span> <span class='ocrx_word' id='word_1_665' title='bbox 1751 4148 1846 4201; x_wconf 84' lang='lat' dir='ltr'><strong>ubi</strong></span> <span class='ocrx_word' id='word_1_666' title='bbox 1895 4156 1945 4201; x_wconf 82' lang='lat' dir='ltr'><strong>et</strong></span> <span class='ocrx_word' id='word_1_667' title='bbox 1992 4148 2167 4200; x_wconf 73' lang='lat' dir='ltr'><strong>adhuc</strong></span> <span class='ocrx_word' id='word_1_668' title='bbox 2222 4149 2462 4217; x_wconf 65' lang='lat' dir='ltr'><strong>religiose</strong></span> <span class='ocrx_word' id='word_1_669' title='bbox 2507 4154 2841 4205; x_wconf 67' lang='lat' dir='ltr'><strong>asservatur.</strong></span> 
     </span>
     <span class='ocr_line' id='line_1_52' title="bbox 603 4216 2840 4289; baseline 0.004 -22"><span class='ocrx_word' id='word_1_670' title='bbox 603 4216 737 4268; x_wconf 79' lang='lat' dir='ltr'><strong>Acta</strong></span> <span class='ocrx_word' id='word_1_671' title='bbox 773 4216 876 4270; x_wconf 74' lang='lat' dir='ltr'><strong>SS.</strong></span> <span class='ocrx_word' id='word_1_672' title='bbox 915 4219 1170 4272; x_wconf 87' lang='lat' dir='ltr'><strong>Bolland.</strong></span> <span class='ocrx_word' id='word_1_673' title='bbox 1247 4221 1340 4273; x_wconf 93' lang='lat' dir='ltr'><strong>BI.</strong></span> <span class='ocrx_word' id='word_1_674' title='bbox 1417 4221 1569 4275; x_wconf 80' lang='lat' dir='ltr'><strong>Haec</strong></span> <span class='ocrx_word' id='word_1_675' title='bbox 1608 4230 1683 4275; x_wconf 76' lang='lat' dir='ltr'><strong>est</strong></span> <span class='ocrx_word' id='word_1_676' title='bbox 1732 4239 1915 4286; x_wconf 71' lang='lat' dir='ltr'><strong>cauea,</strong></span> <span class='ocrx_word' id='word_1_677' title='bbox 1966 4222 2107 4289; x_wconf 83' lang='lat' dir='ltr'><strong>quod</strong></span> <span class='ocrx_word' id='word_1_678' title='bbox 2150 4221 2211 4273; x_wconf 85' lang='lat' dir='ltr'><strong>in</strong></span> <span class='ocrx_word' id='word_1_679' title='bbox 2268 4221 2535 4275; x_wconf 72' lang='lat' dir='ltr'><strong>codicibus</strong></span> <span class='ocrx_word' id='word_1_680' title='bbox 2573 4232 2840 4277; x_wconf 70' lang='lat' dir='ltr'><strong>monaste·</strong></span> 
     </span>
     <span class='ocr_line' id='line_1_53' title="bbox 595 4289 2846 4362; baseline 0.004 -21"><span class='ocrx_word' id='word_1_681' title='bbox 595 4289 798 4343; x_wconf 84' lang='lat' dir='ltr'><strong>riorum</strong></span> <span class='ocrx_word' id='word_1_682' title='bbox 833 4292 1102 4359; x_wconf 63' lang='lat' dir='ltr'><strong>inferioris</strong></span> <span class='ocrx_word' id='word_1_683' title='bbox 1142 4293 1354 4360; x_wconf 75' lang='lat' dir='ltr'><strong>Italiae,</strong></span> <span class='ocrx_word' id='word_1_684' title='bbox 1393 4296 1486 4362; x_wconf 79' lang='lat' dir='ltr'><strong>qui</strong></span> <span class='ocrx_word' id='word_1_685' title='bbox 1504 4296 1639 4348; x_wconf 77' lang='lat' dir='ltr'><strong>Acta</strong></span> <span class='ocrx_word' id='word_1_686' title='bbox 1675 4297 1937 4348; x_wconf 76' lang='lat' dir='ltr'><strong>continent</strong></span> <span class='ocrx_word' id='word_1_687' title='bbox 1974 4303 2291 4358; x_wconf 77' lang='lat' dir='ltr'><strong>sanctorum,</strong></span> <span class='ocrx_word' id='word_1_688' title='bbox 2332 4294 2546 4362; x_wconf 69' lang='lat' dir='ltr'><strong>saepius</strong></span> <span class='ocrx_word' id='word_1_689' title='bbox 2598 4296 2719 4348; x_wconf 69' lang='lat' dir='ltr'><strong>Vita</strong></span> <span class='ocrx_word' id='word_1_690' title='bbox 2756 4298 2846 4349; x_wconf 84' lang='lat' dir='ltr'><strong>in·</strong></span> 
     </span>
     <span class='ocr_line' id='line_1_54' title="bbox 597 4364 2689 4436; baseline 0.004 -21"><span class='ocrx_word' id='word_1_691' title='bbox 597 4365 805 4418; x_wconf 80' lang='lat' dir='ltr'><strong>venitur</strong></span> <span class='ocrx_word' id='word_1_692' title='bbox 841 4364 1114 4430; x_wconf 75' lang='lat' dir='ltr'><strong>Severini;</strong></span> <span class='ocrx_word' id='word_1_693' title='bbox 1153 4386 1202 4421; x_wconf 80' lang='lat' dir='ltr'><strong>v.</strong></span> <span class='ocrx_word' id='word_1_694' title='bbox 1241 4369 1402 4421; x_wconf 77' lang='lat' dir='ltr'><strong>Arch.</strong></span> <span class='ocrx_word' id='word_1_695' title='bbox 1454 4369 1515 4433; x_wconf 84' lang='lat' dir='ltr'><strong>V,</strong></span> <span class='ocrx_word' id='word_1_696' title='bbox 1546 4386 1606 4435; x_wconf 77' lang='lat' dir='ltr'><strong>p.</strong></span> <span class='ocrx_word' id='word_1_697' title='bbox 1648 4371 1719 4420; x_wconf 82' lang='lat'><strong>47</strong></span> <span class='ocrx_word' id='word_1_698' title='bbox 1740 4386 1760 4431; x_wconf 85' lang='lat'><strong>,·</strong></span> <span class='ocrx_word' id='word_1_699' title='bbox 1798 4368 1932 4433; x_wconf 87' lang='lat' dir='ltr'><strong>XII,</strong></span> <span class='ocrx_word' id='word_1_700' title='bbox 1960 4384 2023 4436; x_wconf 80' lang='lat' dir='ltr'><strong>p.</strong></span> <span class='ocrx_word' id='word_1_701' title='bbox 2063 4367 2193 4422; x_wconf 87' lang='grc'><strong>380.</strong></span> <span class='ocrx_word' id='word_1_702' title='bbox 2233 4368 2355 4422; x_wconf 88' lang='grc'><strong>518.</strong></span> <span class='ocrx_word' id='word_1_703' title='bbox 2398 4371 2523 4422; x_wconf 82' lang='grc'><strong>527.</strong></span> <span class='ocrx_word' id='word_1_704' title='bbox 2564 4368 2689 4423; x_wconf 86' lang='grc'><strong>531.</strong></span> 
     </span>
    </p>
   </div>
  </div>
 </body>
</html>
