2984 4917
601 397 671 447 80
911 395 1136 447 PAULI
1175 394 1526 448 HISTORIA
1562 390 2239 446 LANGOBARDORUM.
2314 390 2459 443 LIB.
2498 390 2543 442 1.

601 562 1073 649 Gepidorum23
1119 562 1224 625 eui
1267 560 1580 625 suecessit
1623 557 2071 624 cunimundus
2113 560 2182 621 in
2224 579 2445 645 regno·
2534 557 2663 638 Qui
2707 558 2841 620 vin-

597 646 812 713 dicare
868 655 1119 711 veteres
1179 643 1579 730 Gepidorum
1635 643 1903 707 iniurias
1920 643 1947 685 ¹³
2010 644 2302 730 cupienS,
2374 644 2631 727 inrupto
2694 662 2840 705 eum

598 728 1044 817 Langobardis
1110 727 1396 810 foedere,
1459 726 1701 792 bellum
1757 728 1970 811 potius
2034 748 2230 813 quam
2295 748 2522 811 paoem
2588 723 2782 811 elegit
2800 738 2839 787 ¹.

595 814 835 879 Alboin
875 835 1032 878 vero
1066 834 1213 876 eum
1256 811 1581 877 Avaribus
1600 822 1645 893 ⁰,
1692 811 1805 937 (aui
1846 812 2128 897 primum
2170 810 2450 893 Hunnid,
2493 819 2721 895 postea
2762 809 2837 874 de

595 900 766 985 regis
808 898 1053 996 proprii
1069 908 1094 939 θ
1137 897 1394 961 nomine
1439 894 1689 960 Avares
1769 892 2075 981 appellati
2118 904 2297 976 sunt,
2348 893 2576 958 foedus
2620 914 2839 979 perpe-

597 992 780 1047 tuum
833 982 974 1047 ini1t
993 993 1036 1044 ².
1121 980 1377 1045 Dehinc
1421 979 1505 1044 ad
1547 988 1999 1064 praeparatum
2040 1000 2081 1041 a
2110 977 2378 1064 Gepidis
2421 975 2661 1043 bellum
2702 998 2842 1063 pro·

597 1066 802 1131 fectus
845 1073 959 1129 est.
1045 1064 1176 1145 Qui
1218 1086 1368 1129 eum
1412 1063 1718 1128 adversus
1773 1084 1921 1126 eum
1966 1084 2001 1126 e
2060 1061 2313 1127 diverso
2367 1070 2788 1147 properarent
2801 1070 2843 1142 8,

599 1148 865 1231 AvareS‚
896 1150 998 1213 ut¹¹
1029 1170 1178 1212 eum
1203 1147 1442 1213 Alboin
1471 1147 1866 1229 emmerami,
1899 1168 2122 1210 eorum
2151 1146 2425 1231 patriam
2453 1144 2840 1213 invaserunt.

601 1233 830 1302 Tristis
893 1232 976 1297 ad
1025 1231 1508 1297 Ounimundum
1570 1233 1834 1295 nuntius
1898 1230 2182 1314 veniens,
2242 1229 2558 1295 invasisse
2600 1228 2843 1293 Avares

601 1318 738 1382 eius
780 1318 1084 1381 terminos
1130 1316 1343 1381 edicit.
1430 1314 1563 1396 Qui
1605 1323 1963 1401 prostratus
2003 1314 2217 1379 animo
2262 1322 2325 1378 et
2365 1313 2691 1401 utrimque
2708 1314 2741 1355 ¹¹
2781 1312 2844 1375 in

598 1423 680 1465 an
775 1401 911 1465 stiis
968 1401 1244 1485 positus,
1305 1399 1593 1464 hortatur
1650 1408 1866 1464 tamen
1920 1419 2071 1462 suos
2136 1397 2415 1483 primum
2477 1417 2626 1459 cum
2683 1396 2842 1460 Lan-

597 1422 900 1570 goffirdis
943 1483 1316 1570 confligere3
1373 1504 1535 1570 quos
1578 1483 1633 1546 si
1691 1504 1991 1568 superare
2032 1479 2335 1563 valerent,
2380 1480 2643 1545 demum
2668 1479 2845 1543 Hun-

597 1570 862 1633 norum¹
909 1569 1262 1633 exercitum
1328 1590 1364 1631 e
1381 1580 1422 1611 ¹¹¹
1487 1567 1697 1653 patria
1761 1564 2084 1651 pellerent.
2194 1563 2633 1630 committitur
2696 1584 2843 1649 ergo

601 1652 936 1738 proelium.
1025 1653 1390 1736 Pugnatum
1433 1660 1531 1715 est
1573 1652 1723 1716 totis
1764 1650 2030 1715 viribus.
2113 1648 2530 1735 Langobardi
2571 1649 2844 1713 victores

601 1736 808 1801 effecti
850 1745 998 1799 sunt
1010 1748 1057 1818 ¹⁸,
1103 1744 1307 1799 tantao
1338 1736 1408 1798 in
1437 1733 1725 1820 Gepidos
1754 1734 1849 1798 ira
1877 1734 2249 1815 saevientes,
2292 1743 2366 1798 ut
2394 1753 2505 1796 eos
2550 1732 2633 1796 ad
2662 1733 2845 1797 inter-

597 1821 908 1885 nitionem
953 1840 1160 1906 usque
1177 1831 1205 1872 P
1252 1818 1537 1884 delerent
1578 1828 1774 1905 atque
1819 1840 1904 1882 ex
1947 1817 2208 1903 eopiosa
2246 1814 2697 1881 multitudinem
2742 1816 2849 1879 vix

600 1905 864 1968 nuntius
927 1916 1296 1989 superesset
1312 1914 1355 1968 ¹⁸.
1474 1902 1552 1965 In
1618 1923 1694 1967 eo
1764 1900 2007 1988 proelio
2070 1899 2310 1966 Alboin
2370 1900 2848 1965 Cunimundum

575 1976 890 2053 'oecidjt⁵·
909 2000 956 2070 ³,
1015 1996 1336 2073 caputque
1378 1984 1549 2050 illius
1594 1984 1939 2067 sublatum,
1982 1983 2066 2049 ad
2110 1985 2462 2051 bibendum
2493 2006 2578 2047 ex
2624 2006 2702 2049 eo
2793 2004 2849 2047 o-

596 2070 820 2137 culum
861 2071 1032 2135 feeit.
1121 2070 1314 2152 Quod
1345 2092 1551 2156 genus
1586 2068 1803 2157 poculi
1832 2068 2007 2155 apud.
2036 2090 2147 2133 eos
2188 2068 2397 2133 ‘scala’
2439 2068 2696 2150 dicitur,
2766 2070 2848 2131 in-

647 2178 731 2221 ua
780 2178 932 2221 vero
995 2154 1227 2219 Latina
1285 2165 1511 2241 patera
1570 2156 1906 2219 vocitatur.
2014 2150 2217 2217 Cuius
2298 2152 2495 2216 filiam
2512 2156 2531 2194 ²
2591 2153 2847 2216 nomine

597 2179 1063 2305 {osimundam
1079 2250 1110 2281 ¹¹
1167 2261 1312 2303 cum
1356 2260 1593 2324 magna
1631 2238 1825 2302 simul
1876 2235 2281 2301 multitudine
2336 2236 2618 2302 diversi*
2664 2258 2852 2301 sexus

601 2334 666 2389 et
706 2325 934 2390 aetatis
963 2323 1152 2388 duxit
1192 2325 1546 2408 captivam3
1589 2335 1844 2409 quamv,
1892 2322 2045 2407 quia
2074 2320 2536 2385 Chlotsuinda¹
2583 2319 2848 2401 obierat,

599 2409 668 2470 in
710 2429 912 2488 suam,
955 2418 1028 2471 ut
1067 2416 1213 2491 post
1253 2408 1480 2492 patuit,
1531 2406 1877 2491 perniciem
1892 2417 1945 2487 Y,
2006 2403 2193 2469 duxit
2248 2424 2516 2469 uxorem
2535 2414 2581 2467 ³.
2668 2404 2851 2467 Tunc

601 2488 1011 2576 Langobardi
1039 2498 1322 2554 tantamz
1366 2490 1587 2575 adepti
1616 2498 1763 2553 sunt
1800 2488 2129 2575 praedam,
2172 2499 2246 2553 ut
2269 2490 2399 2553 iam
2415 2498 2443 2531 ²
2469 2487 2557 2552 ad
2596 2488 2852 2574 amplis-

604 2670 650 2723 s.)
680 2672 1026 2721 Gepidanorum
1061 2669 1169 2719 G33
1202 2668 1552 2711 Gebidanorum
1584 2667 1624 2708 G
1645 2670 1697 2718 ις
1732 2668 2082 2719 Gepidanorum
2113 2682 2209 2711 moa:
2239 2670 2365 2709 etiam
2398 2668 2497 2710 (34.
2515 2666 2576 2722 ⁸5,
2608 2670 2687 2709 ubi
2703 2668 2748 2711 G
2766 2668 2848 2710 1.8

605 2730 966 2771 Gebidanorum.
1057 2726 1104 2779 b)
1137 2730 1249 2767 deest
1267 2728 1307 2769 G
1325 2728 1372 2778 ὃς
1405 2728 1581 2767 iniuria
1600 2727 1641 2767 G
1659 2729 1699 2767 1.
1793 2728 1834 2779 c)
1852 2729 2083 2769 Abaribus
2102 2730 2140 2771 F
2163 2731 2204 2771 1.
2297 2726 2343 2780 d)
2377 2727 2497 2769 itaA
2521 2730 2544 2767 1
2576 2734 2853 2776 constantes-3

601 2790 763 2829 Hunni
807 2800 924 2827 corr.
986 2788 1114 2828 Huni
1156 2788 1197 2827 A
1235 2789 1285 2836 23
1345 2787 1436 2827 Uni
1467 2786 1505 2825 F
1540 2789 1589 2835 13
1651 2786 1779 2826 Huni
1824 2788 1981 2836 reliqui
2012 2788 2112 2837 sere
2152 2799 2309 2827 omnes.
2490 2786 2535 2838 e)
2568 2788 2680 2827 dem
2710 2788 2767 2833 F.
2798 2787 2849 2829 G.

609 2846 648 2899 f)
678 2848 888 2888 Habares
935 2848 971 2886 F
1005 2848 1056 2897 13
1103 2846 1314 2886 Bavares
1364 2844 1406 2886 G
1442 2848 1483 2885 1.
1569 2845 1906 2895 Nonnumquam
1950 2848 2070 2887 codd.
2117 2846 2390 2897 Avarorum,
2436 2844 2603 2887 Avaris
2646 2847 2852 2897 scribant,

603 2907 825 2947 rarissime
856 2905 1013 2947 Avari.
1151 2904 1196 2956 g)
1231 2907 1565 2955 praepararent
1593 2904 1646 2947 F.
1684 2909 1719 2940 Η
1756 2904 1949 2958 (praeter
1978 2907 2015 2946 F
2048 2907 2088 2947 2.
2126 2906 2167 2947 G
2198 2905 2269 2957 5⁸,
2301 2906 2377 2944 ubi
2406 2904 2848 2958 praepararentur„

605 2976 656 3007 se
686 2968 988 3015 prepararent
1019 2964 1042 3004 Ι
1076 2965 1101 3003 2
1133 2968 1170 3003 et
1201 2975 1222 3003 e
1253 2975 1368 3003 corr.
1401 2964 1438 3002 F
1473 2965 1521 3013 13
1568 2962 1743 3004 bellum
1773 2975 1818 3014 p.
1854 2964 1897 3004 G
1924 2966 1967 3007 4.
2101 2963 2149 3016 h)
2182 2966 2263 3014 qui
2296 2964 2331 3004 Ο
2363 2959 2425 3004 *1.
2562 2962 2598 3015 i)
2631 2967 2853 3005 statuerat

603 3026 642 3064 F
675 3027 714 3067 1.
769 3024 810 3065 G
844 3027 882 3065 1.
919 3022 992 3073 '⁵3
1039 3026 1292 3063 statuerent
1342 3022 1377 3063 G
1409 3018 1470 3067 ‘1.
1501 3022 1545 3061 D
1579 3024 1629 3071 13
1674 3026 1785 3062 tune
1814 3022 1873 3063 A.
1906 3027 1959 3062 st.
1994 3022 2036 3063 G
2066 3020 2128 3065 ·5.
2278 3021 2327 3074 k)
2360 3026 2607 3071 utrumque
2640 3023 2681 3062 A
2714 3024 2780 3063 ⁹2.
2810 3024 2850 3063 4.

603 3085 642 3125 Ε
677 3085 725 3134 13
757 3084 940 3133 utrique
970 3082 1012 3122 A
1042 3078 1102 3122 ’4.
1155 3081 1196 3122 G
1229 3085 1250 3121 1
1303 3082 1436 3135 (corr.
1483 3079 1745 3133 utrimque).
1795 3081 1836 3121 G
1867 3082 1917 3131 83
1963 3083 2172 3131 utrisque
2220 3082 2273 3125 Ο.
2314 3082 2374 3122 D.
2422 3082 2459 3121 F
2492 3082 2537 3122 Δ.
2590 3081 2632 3123 G
2660 3083 2701 3123 4.
2751 3084 2797 3123 Η
2828 3084 2847 3121 1

607 3142 676 3196 (in
707 3153 752 3183 u.
785 3140 874 3193 a.);
905 3142 1144 3190 utriusque
1176 3142 1198 3180 I
1219 3142 1270 3192 ὃς
1303 3142 1447 3181 animi
1479 3143 1604 3180 metu
1634 3140 1874 3189 tristisque
1903 3141 1940 3179 F
1958 3142 1981 3179 1
2000 3152 2021 3180 e
2049 3152 2161 3181 corr.
2199 3164 2251 3173 -
2284 3140 2625 3189 undiquesecus
2659 3139 2795 3182 G5b.
2814 3151 2847 3180 c.

603 3202 641 3253 1)
674 3200 934 3241 Avarorum
963 3212 986 3241 e
1014 3212 1125 3241 corr.
1156 3200 1193 3239 F
1216 3202 1268 3249 13
1299 3200 1577 3239 Hunnorum
1608 3200 1685 3239 hoe
1714 3200 1805 3242 loco
1837 3200 1963 3239 etiam
1990 3200 2034 3239 D
2069 3202 2110 3242 1.
2202 3196 2267 3250 m)
2297 3210 2331 3239 a
2358 3200 2457 3243 F4.
2490 3199 2529 3239 G
2548 3201 2589 3241 2.
2622 3200 2667 3239 8.
2697 3201 2747 3244 4.
2782 3200 2847 3250 5⁸,

602 3272 719 3301 corr.
753 3272 778 3301 e
808 3262 847 3301 E
882 3263 935 3309 13
965 3261 1077 3299 deest
1105 3259 1149 3299 A
1180 3257 1242 3303 ⁹8.
1333 3257 1382 3310 n)
1416 3260 1527 3297 deese
1560 3256 1602 3299 G
1634 3258 1689 3307 ²3
1717 3257 2037 3307 Langobardis
2069 3270 2112 3299 v.
2144 3258 2321 3300 effectis
2354 3256 2396 3299 G
2429 3260 2467 3298 1.
2500 3258 2542 3299 3.
2634 3256 2679 3310 ο)
2695 3262 2849 3299 tantas

604 3320 655 3359 in
688 3319 804 3369 Gep.
837 3320 956 3359 iram
985 3319 1224 3359 venientes
1256 3319 1293 3357 F
1326 3320 1378 3367 13
1411 3321 1457 3358 et
1486 3321 1519 3358 t.
1552 3318 1603 3357 in
1636 3316 1690 3359 G.
1726 3317 1797 3357 ira
1826 3318 2065 3359 sevierunt
2092 3318 2137 3357 D
2170 3318 2211 3359 2.
2247 3317 2288 3359 G
2316 3319 2362 3359 4.
2498 3315 2548 3368 p)
2580 3318 2693 3357 dem
2726 3316 2772 3359 G
2804 3318 2849 3365 83

605 3388 651 3418 u.
683 3378 742 3417 ad
774 3378 805 3417 ί.
837 3377 872 3419 G
906 3379 946 3418 1.
978 3379 1021 3418 D
1055 3378 1097 3430 3,
1129 3378 1222 3417 alii.
1343 3375 1390 3428 q)
1423 3376 1769 3417 multitudinem
1801 3375 1843 3416 G
1876 3377 1916 3417 3.
2052 3374 2095 3428 r)
2128 3379 2394 3427 superasset
2420 3376 2458 3415 F
2492 3378 2532 3417 1.
2567 3375 2610 3416 G
2642 3377 2684 3416 1.
2716 3377 2763 3416 2.
2801 3376 2850 3425 ὃς

602 3440 850 3485 ,superaret
880 3436 924 3477 G
951 3437 994 3475 4.
1129 3434 1169 3487 s)
1199 3436 1370 3476 oceidit
1401 3458 1454 3467 -
1485 3436 1739 3476 bibendum
1783 3435 1867 3477 dee.
1904 3435 1944 3474 G
1974 3431 2037 3477 ⁸5.
2188 3434 2222 3489 t)
2253 3435 2353 3477 filia
2383 3435 2421 3473 F
2454 3436 2493 3474 1.
2629 3433 2680 3486 u)
2710 3434 2851 3475 Rose-

610 3495 826 3535 mtmdam
853 3495 976 3535 codd.
1011 3494 1062 3536 0.
1094 3496 1137 3535 D
1169 3496 1357 3546 saepius,
1393 3493 1434 3534 G
1462 3504 1813 3544 nonnumquam3
1843 3494 2197 3535 Rosilmundam
2230 3494 2265 3535 G
2284 3496 2323 3535 Β.
2447 3495 2494 3548 v)
2528 3493 2707 3549 diverse
2745 3493 2787 3534 G
2806 3496 2852 3542 23

611 3553 804 3592 diversis
835 3552 870 3594 C
903 3554 928 3593 3
961 3557 999 3592 et
1031 3552 1074 3593 G
1105 3556 1146 3594 1.
1180 3554 1221 3604 3,
1252 3554 1327 3592 ubi
1358 3557 1403 3593 et
1433 3554 1545 3593 deest
1577 3552 1640 3605 (G
1672 3553 1697 3593 3
1724 3558 1827 3602 poet
1857 3551 1994 3605 aad).
2114 3551 2177 3604 w)
2210 3563 2350 3603 quam
2387 3572 2431 3584 -—
2470 3552 2605 3593 duxit
2632 3553 2721 3593 des.
2743 3552 2845 3593 114.

609 3609 658 3663 x)
691 3611 1024 3653 Chlosuindam
1053 3613 1091 3653 Β
1112 3614 1152 3651 1.
1244 3609 1292 3663 y)
1324 3612 1637 3661 pernitionem
1666 3613 1704 3651 1³·
1723 3614 1763 3653 1.
1800 3611 1957 3653 ΕΗΔ.
1978 3612 2019 3654 8.
2142 3610 2187 3664 z)
2218 3615 2349 3653 tanta
2377 3612 2415 3651 F
2437 3612 2478 3653 1.
2572 3608 2617 3663 a)
2634 3612 2779 3652 etiam
2798 3611 2849 3652 G.

615 3766 669 3831 1)
727 3765 816 3817 Ex
863 3766 1163 3819 Menandro
1212 3764 1398 3833 Legat.
1447 3784 1505 3833 p.
1555 3730 1666 3822 303³
1714 3784 1791 3834 sq.
1842 3768 1951 3831 (ed.
2002 3768 2203 3831 Bonn.)
2258 3775 2501 3833 apparet,
2550 3765 2845 3821 Albuinum

601 3839 784 3906 potius
835 3840 1024 3891 bellwm
1063 3856 1414 3905 provoca-ssu
1457 3848 1513 3892 et
1558 3840 1606 3891 si
1636 3841 1777 3905 fides
1825 3840 2223 3907 Theophylacto,
2264 3840 2407 3891 Hinc.
2461 3838 2553 3904 VI,
2598 3842 2684 3903 10,
2724 3840 2846 3893 belli

610 3928 778 3965 causa
797 3912 919 3979 suit
957 3912 1300 3965 Rosemunda
1338 3913 1404 3963 ab
1441 3911 1671 3966 Albuino
1710 3922 1875 3981 rapta
1915 3913 2079 3978 (idem
2112 3912 2256 3982 Oriq.
2282 3914 2475 3967 verba.-
2517 3929 2656 3981 quae
2690 3930 2843 3981 prae-

613 3988 834 4039 daverat
878 3986 1119 4038 indicare
1160 3986 1452 4050 videntur).
1530 3984 1639 4039 Sed
1675 3986 1884 4039 Paulas
1922 3988 2029 4040 duo
2070 3987 2208 4039 bella
2242 3985 2303 4038 in
2340 4004 2507 4039 unum
2544 3986 2849 4053 confundit.

609 4058 874 4111 Albuinus
927 4060 1064 4111 enim
1103 4059 1282 4125 pm'mo
1325 4057 1721 4113 &mim-undum
1757 4060 1882 4113 vicit
1892 4078 1912 4123 ,⁰
1959 4069 2083 4113 tunc
2120 4058 2333 4114 Justino
2373 4060 2593 4127 aspidis
2633 4061 2847 4115 auoeilia

600 4140 986 4200 praeparante,
1035 4132 1300 4184 Albuinus
1328 4149 1522 4198 pacem
1560 4134 1745 4186 obtulit
1788 4142 1835 4186 et
1880 4133 2273 4186 matrimonium
2324 4150 2441 4185 cum
2478 4134 2845 4195 Rosimunda5

595 4206 833 4273 frustra,
894 4204 1261 4257 Ounimundus
1319 4206 1513 4259 bellum
1574 4206 1866 4272 renovavit,
1924 4224 2027 4277 quo
2084 4207 2284 4260 occisus
2343 4216 2417 4259 est
2456 4225 2507 4260 a.
2549 4208 2677 4260 567.
2755 4206 2845 4260 Ita

619 4278 1056 4349 Theophylactus.
1157 4279 1428 4332 Jokannes
1467 4280 1814 4333 Biclariensis
1861 4280 2017 4347 falso
2076 4298 2279 4333 annum
2342 4281 2469 4335 571.
2507 4280 2682 4335 habet.
2723 4283 2840 4333 BE.

613 4352 672 4419 2)
711 4352 802 4405 Ita
841 4354 998 4405 etiam
1035 4352 1336 4405 Menander
1374 4354 1408 4405 l.
1450 4354 1484 4405 Ζ.
1637 4352 1697 4420 3)
1735 4354 1887 4407 Haec
1925 4371 1990 4407 em
2036 4352 2183 4423 Orig-
