2984 4917
481 364 700 418 PAULI
738 362 1088 416 HISTORIA
1127 365 1800 425 LANGOBARDORUM.
1875 373 2017 426 LIB.
2057 375 2133 427 11.
2356 375 2427 428 8⁷

215 542 568 610 aestuantes
669 535 740 602 Si
784 557 976 622 quem
1017 535 1222 600 fortea
1263 537 1527 622 antiqua
1568 539 1774 622 pietas
1823 540 2312 628 perstringebat,
2356 553 2430 607 ut

211 617 407 683 vellitb
451 619 718 705 sepelire
759 620 1146 705 proximum,
1206 620 1489 685 restabat
1531 623 1668 707 ipse
1720 624 2105 710 insepultus3
2163 634 2226 690 et
2268 625 2423 691 dum

213 701 681 788 obsequebatur,
723 704 1174 788 perimebatur,
1221 704 1374 768 dum
1402 705 1612 771 funeri
1648 705 2026 794 obsequium
2053 711 2422 795 praebebat,

208 785 390 870 ipsius
409 799 432 830 ⁰
471 787 664 852 funus
709 789 847 852 sine
899 787 1208 874 obsequio
1273 790 1595 854 manebat.
1678 791 1989 857 Videres‘l
2033 792 2314 858 seculum
2357 795 2425 859 in

204 871 554 958 antiquum⁰
608 869 941 936 redactum
1001 870 1383 937 silentiumf:
1440 873 1615 937 nulla
1671 897 1802 939 vox
1854 876 1922 940 in
1975 900 2155 959 rure,
2210 876 2421 942 nullus

203 952 510 1038 pastorum
568 955 821 1037 sibilus,
877 954 1086 1020 nullae
1143 955 1413 1021 insidiae
1472 957 1825 1023 bestiarum
1875 962 1943 1023 in
1960 972 1989 1015 Β
2040 961 2421 1047 pecudibUS,

200 1037 352 1103 nulla
393 1040 627 1105 damna
667 1042 736 1104 in
779 1040 1144 1104 domesticis
1186 1039 1577 1106 volucribus.
1666 1042 1821 1108 Sata
1857 1054 2255 1130 transgressa
2292 1067 2421 1110 me-

195 1123 351 1188 tendi
393 1132 645 1210 tempus
688 1126 929 1189 intaeta
971 1124 1399 1209 expectabant
1447 1147 1827 1209 messorem3
1883 1130 2111 1193 vinea¹¹
2168 1131 2419 1194 amissis

196 1205 344 1272 foliis
384 1209 782 1274 radiantibus
826 1209 971 1271 uvis
1014 1207 1254 1272 inlaesa
1307 1209 1611 1274 manebat
1665 1211 1871 1276 hieme
1925 1215 2414 1300 propinquante.

195 1289 518 1357 Nocturnis
549 1314 662 1357 seu
712 1293 989 1356 diurnisi
1030 1291 1201 1356 horis
1238 1293 1623 1378 personabat
1662 1296 1819 1360 tuba
1868 1294 2262 1379 bellantium,
2306 1320 2416 1361 au-

193 1373 465 1442 diebatur
505 1399 545 1440 a
606 1375 893 1463 pluribus
961 1377 1145 1462 quasi
1208 1399 1500 1441 murmur
1562 1381 1897 1443 exercitus·
1984 1379 2174 1445 Nulla
2238 1391 2419 1447 erant

192 1461 443 1546 vestigia
473 1461 989 1542 commeantium,
1018 1459 1228 1524 nullus
1259 1462 1635 1527 cernebatur
1662 1484 2000 1549 percussor
2017 1466 2067 1547 k,
2110 1474 2174 1529 et
2200 1474 2416 1529 tamen

189 1543 412 1608 visum¹
480 1543 812 1610 oculorum
873 1545 1264 1630 superabant
1322 1545 1639 1610 cadavera
1680 1557 2095 1612 mortuorum.
2192 1548 2415 1613 Pasto-

188 1624 327 1690 ralia
364 1626 510 1693 loca
536 1651 722 1694 versa
766 1629 1016 1694 fuerant
1056 1629 1124 1695 in
1167 1649 1234 1692 se
1281 1628 1601 1693 ulturamm
1657 1630 2006 1714 hominum,
2052 1642 2116 1697 et
2170 1631 2415 1698 habita-

187 1709 318 1774 cula
339 1712 616 1784 humana
635 1713 806 1779 facta
826 1715 1078 1777 fuerant
1106 1734 1182 1777 οο
1246 1715 1406 1799 ,ugia
1432 1715 1799 1779 bestiarum.
1866 1715 1952 1781 Et
1972 1716 2129 1782 haec
2196 1715 2413 1782 uidem

187 1794 338 1858 mala
377 1798 546 1862 intra
586 1797 836 1862 Italiam
854 1809 883 1838 ¹¹
927 1806 1174 1862 tantum
1215 1820 1416 1885 usque
1467 1799 1552 1862 ad
1595 1799 1753 1864 fines
1795 1800 2085 1885 gentium
2197 1822 2411 1864 aman-

183 1899 390 1944 norum
450 1891 516 1946 et
577 1881 1023 1947 Baioariorum
1042 1892 1066 1923 ⁰
1134 1881 1284 1946 solis
1347 1882 1655 1947 Romanis
1720 1883 2089 1949 acciderunt
2104 1896 2152 1948 Ρ.
2235 1885 2413 1950 Inter
2432 1896 2535 1938 56⁷·

182 1960 322 2028 haec
349 1966 703 2030 Iustiniano
791 1967 1036 2051 rincipe
1063 1965 1196 2030 vita
1239 1965 1571 2032 decidente
1582 1979 1630 2050 ¹1,
1673 1969 1957 2033 Iustinus
1973 1980 1997 2010 r
2041 1970 2249 2032 minor
2273 1991 2411 2034 rem

179 2047 490 2130 publicam
541 2061 696 2136 aput
805 2049 1362 2136 onstantinopolim
1413 2051 1763 2135 regendam
1836 2053 2120 2138 suscepit
2140 2065 2181 2114 ¹.
2286 2052 2411 2118 His

180 2151 290 2215 quo
336 2156 416 2199 ue
458 2145 590 2198 tem
639 2135 856 2200 oribus
887 2133 1106 2198 Narsis
1146 2135 1471 2218 patricius,
1518 2137 1701 2198 cuius
1730 2133 1815 2199 ad
1845 2137 2060 2199 omnia
2090 2135 2405 2200 studium⁸

178 2156 474 2301 vigillabat
489 2267 506 2300 ,
637 2218 881 2283 italemt
967 2219 1342 2303 episcopum
1404 2216 1661 2283 Altinae
1724 2219 2017 2300 civitatis,
2085 2219 2196 2306 qui
2260 2227 2407 2284 ante

173 2319 360 2365 annos
402 2301 715 2388 plurimos
766 2302 849 2367 ad
901 2303 1299 2366 Francorum
1353 2324 1624 2386 regnum
1680 2301 2070 2387 confugerat,
2130 2301 2253 2366 hoc
2311 2313 2409 2368 est

173 2383 248 2447 ad
287 2384 792 2470 Agonthiensem
806 2398 850 2428 ¹³·
866 2398 888 2431 ²
941 2385 1282 2468 civitatem,
1326 2385 1585 2451 tandem
1603 2399 1632 2429 v
1697 2384 2203 2473 conprehensum
2246 2397 2408 2473 aput

174 2465 448 2534 Siciliam
492 2468 694 2540 exilio·
727 2470 1075 2535 damnavit.
1495 2497 1499 2500 ⁴

325 2557 426 2618 *5.
514 2554 722 2640 Igitur
763 2553 997 2636 deleta,
1054 2563 1126 2618 ut
1182 2552 1423 2617 dictum
1484 2563 1608 2636 est,
1663 2552 1767 2618 vel
1826 2564 2127 2640 superata
2182 2554 2405 2620 Narsis
2426 2565 2497 2620 Ῥ·
2533 2569 2609 2612 '15-

169 2639 331 2700 omni
398 2638 761 2703 Gothorum
823 2645 1012 2724 gente
1033 2651 1094 2720 W,
1139 2637 1238 2701 his
1293 2641 1563 2784 quoque
1622 2637 1701 2702 de
1778 2638 2009 2736 quibus
2075 2638 2353 2704 diximus
2372 2653 2403 2682 ¹

165 2723 295 2803 pari
350 2722 547 2786 modo
591 2722 856 2788 devictis
889 2734 941 2801 Y,
1002 2721 1159 2784 dum
1221 2744 1330 2784 mu
1357 2733 1531 2785 tumz
1576 2721 1715 2784 auri
1778 2745 1913 2788 slve
1977 2723 2226 2786 arenti
2290 2745 2404 2788 seu

164 2815 511 2870 ceterarum
557 2808 918 2892 specierum
936 2816 962 2846 ³
1007 2805 1260 2871 divitias
1303 2805 1707 2892 adquisisset,
1750 2828 2052 2893 magnam
2103 2817 2152 2853 ·³
2196 2829 2237 2871 a
2276 2808 2402 2872 Ro-

165 2892 376 2973 maniS,
426 2913 544 2977 pro
567 2903 590 2934 ⁰
635 2890 867 2978 quibus
917 2889 1118 2953 multa
1160 2900 1384 2955 contra
1435 2912 1656 2955 eorum
1712 2889 1923 2955 hostes
1977 2889 2399 2974 laboraverat,

158 3030 202 3082 a)
234 3033 399 3077 fortem
432 3046 546 3076 corr.
580 3034 698 3074 forte
729 3034 770 3074 A
803 3036 844 3076 1.
965 3032 1014 3084 b)
1048 3035 1112 3074 ica
1141 3032 1181 3073 A
1214 3035 1254 3074 2.
1287 3035 1324 3074 Β
1360 3037 1398 3079 1.
1429 3036 1466 3074 F
1502 3037 1551 3083 13
1583 3034 1717 3074 benit
1746 3033 1788 3073 A
1822 3001 1889 3083 13·
1910 3035 2027 3074 velit
2055 3035 2096 3075 A
2128 3031 2189 3074 *2.
2221 3035 2265 3076 3.
2293 3035 2332 3074 Β
2354 3036 2397 3074 1.

164 3091 194 3131 C
222 3089 279 3134 *1.
312 3097 353 3134 1.
387 3097 432 3134 D
469 3097 518 3143 ις
550 3095 695 3134 vellet
729 3093 770 3134 G
804 3095 841 3132 1.
877 3093 918 3143 2,
951 3093 1044 3132 alii.
1149 3091 1190 3144 c)
1223 3094 1324 3142 ipse
1355 3095 1392 3133 F
1427 3096 1448 3133 1
1483 3105 1505 3133 e
1534 3104 1649 3132 corr.
1684 3091 1725 3132 G
1758 3093 1888 3132 1—5.
1919 3094 1963 3132 H
1997 3095 2036 3134 1.
2071 3094 2093 3133 1
2127 3095 2167 3133 2.
2206 3125 2209 3130 .
2259 3091 2306 3143 d)
2324 3093 2399 3135 Vi-

163 3150 274 3191 deris
303 3152 346 3192 A
377 3151 441 3193 ⁸2.
474 3155 512 3193 F
546 3155 585 3194 1.
617 3153 660 3194 G
690 3149 751 3193 *3.
783 3153 832 3203 4;
865 3153 1032 3193 videre
1065 3151 1106 3191 A
1137 3153 1190 3192 2⁴?
1220 3153 1258 3191 B
1279 3154 1319 3194 1.
1351 3154 1450 3193 ΕΙ.
1574 3151 1621 3204 e)
1652 3152 1849 3200 antiquo
1880 3153 1975 3192 Fi.
2096 3150 2133 3202 f)
2166 3152 2278 3190 deest
2299 3151 2395 3193 (32.

161 3207 203 3259 g)
233 3214 522 3262 transgresso
554 3222 614 3252 m.
648 3216 856 3262 tempore
901 3211 942 3250 G
973 3207 1033 3250 *5.
1065 3210 1125 3250 52,
1156 3211 1200 3255 b.
1231 3212 1275 3250 H
1309 3213 1349 3251 1.
1482 3209 1531 3262 h)
1564 3211 1750 3251 vineam
1793 3220 1906 3248 corr.
1945 3211 2085 3250 vinea
2125 3209 2168 3249 A
2201 3210 2243 3251 2.
2275 3210 2312 3248 F
2347 3211 2397 3259 13

161 3270 360 3310 vinea-
382 3267 604 3311 manebat
626 3277 728 3320 poet
758 3283 872 3311 corr.
904 3271 1073 3311 vineae
1105 3270 1356 3310 manebant
1385 3270 1423 3309 B
1441 3271 1478 3321 1,
1512 3275 1549 3308 et
1578 3271 1643 3308 ita
1674 3269 1708 3309 C
1727 3269 1766 3308 2.
1872 3267 1905 3319 i)
1938 3269 2167 3308 diuturnis
2201 3267 2300 3309 ΘΒ.
2334 3264 2397 3309 *8.

157 3327 181 3365 1
213 3331 258 3378 ις
290 3331 574 3370 diuturniori
606 3329 704 3370 G3.
824 3327 874 3380 k)
907 3339 1152 3379 percursor
1185 3327 1285 3370 Gl.
1317 3329 1359 3367 4.
1481 3328 1516 3380 1)
1547 3328 1859 3368 visoculorum
1889 3327 2004 3367 Fi?
2034 3328 2139 3368 visu
2170 3338 2241 3367 oc.
2282 3326 2324 3368 G
2353 3328 2393 3369 1.

160 3386 217 3437 m)
247 3390 491 3439 sepultura
521 3391 558 3428 B
593 3390 635 3431 3.
667 3391 705 3430 Β
726 3391 767 3430 1.
798 3390 835 3428 F
857 3389 897 3427 1.
931 3387 972 3429 G
993 3390 1015 3427 1
1052 3387 1114 3440 (v.
1148 3387 1179 3428 f.
1211 3389 1264 3428 in
1295 3398 1331 3428 s.
1379 3386 1522 3426 eadem
1550 3397 1684 3426 manu
1713 3383 1893 3437 eappa).
1928 3383 1989 3428 ⁸3.
2024 3388 2077 3436 43
2110 3387 2393 3437 sepulturam

159 3444 196 3485 G
227 3448 275 3496 23
306 3449 572 3498 sepulturas
603 3448 638 3490 G
669 3449 721 3497 ὃς
754 3449 806 3488 ln
835 3459 935 3497 sep.
972 3471 1024 3479 —
1056 3448 1244 3488 fuerant
1273 3447 1358 3486 du.
1395 3445 1526 3486 G5b.
1615 3444 1664 3495 n)
1698 3445 1835 3485 Italia
1865 3447 1901 3484 F
1935 3449 1976 3488 1.
2012 3445 2053 3486 G
2087 3448 2128 3487 1.
2224 3443 2269 3498 o)
2304 3447 2399 3486 Ba-

155 3506 266 3547 iuar.
299 3508 336 3546 F
372 3510 426 3556 1;
458 3509 682 3547 Baiuuar.
717 3506 759 3547 G
791 3509 832 3548 1.
864 3509 905 3548 2.
941 3507 983 3557 3,
1029 3507 1130 3556 alii3
1175 3505 1524 3546 Baioaricorum
1569 3509 1755 3555 utraque
1798 3505 1941 3545 littera
1989 3518 2013 3546 c
2060 3517 2081 3545 e
2124 3517 2243 3546 corr.
2276 3504 2318 3544 A
2350 3506 2391 3547 3.

156 3561 200 3614 p)
231 3567 502 3607 acciderant
532 3566 626 3608 02.
658 3567 700 3605 D
721 3567 761 3608 2.
795 3567 836 3606 3.
959 3565 1006 3616 q)
1039 3567 1102 3604 ica
1132 3564 1415 3608 A1.2.3.4.
1445 3565 1484 3603 B
1506 3565 1609 3604 1.2.
1643 3564 1681 3603 E
1702 3566 1743 3604 1.
1773 3561 1950 3606 F1.‘2.
1982 3567 2025 3606 4.
2062 3565 2163 3606 Gl.
2198 3565 2240 3604 3.
2256 3565 2299 3606 4.
2319 3563 2398 3608 5b.

154 3621 190 3673 r)
219 3624 510 3666 lastinianus
544 3625 578 3666 G
613 3627 655 3665 1.
688 3626 712 3665 Ι
745 3627 784 3665 1.
938 3623 978 3674 ι)
1009 3625 1086 3674 qui
1119 3625 1176 3664 ad
1218 3623 1376 3664 omnia
1407 3623 1561 3664 studia
1593 3623 1643 3665 C.
1674 3624 1733 3665 D.
1768 3622 1790 3662 1
1824 3625 1865 3664 1.
2016 3622 2051 3675 t)
2086 3625 2243 3666 vitale
2275 3625 2312 3663 F
2346 3626 2387 3666 1.

153 3680 197 3730 u)
227 3683 575 3734 Agoneiensem
605 3685 644 3724 B
679 3685 750 3724 la.
783 3685 825 3725 2.
859 3685 909 3734 ὃς
939 3683 1357 3732 Agonthiniensem
1391 3683 1428 3723 A
1459 3680 1533 3732 '23
1563 3683 1897 3732 Agontiensem
1928 3682 1962 3723 C
1980 3683 2030 3732 53
2062 3683 2396 3732 Agothiensem

153 3741 194 3778 D
225 3743 246 3780 1
281 3755 301 3782 e
331 3755 466 3790 corr„
500 3749 537 3782 et
567 3744 631 3782 ita
661 3744 704 3782 D
738 3745 789 3792 23
822 3743 1152 3792 ogothiensem
1183 3743 1226 3783 A
1257 3744 1306 3793 43
1337 3741 1618 3790 Agatonsem
1649 3742 1691 3780 D
1724 3742 1767 3780 3.
1797 3742 1841 3780 4.
1876 3742 1917 3791 8,
1950 3752 1971 3780 e
2001 3753 2121 3780 corr.
2154 3741 2205 3791 53
2237 3741 2393 3790 Agod-

155 3809 341 3842 nensem
384 3804 422 3842 F
453 3802 509 3851 53
551 3802 819 3851 Agotiesem
861 3804 898 3842 E
935 3803 984 3851 13
1028 3802 1330 3842 Gothiensem
1371 3801 1413 3842 G
1444 3803 1485 3842 2.
1525 3799 1563 3839 L
1598 3803 1650 3849 13
1700 3799 2031 3840 Gonthiensem
2072 3801 2117 3840 Η
2150 3802 2196 3849 1;
2239 3801 2395 3850 Agon-

146 3859 378 3901 thiensem
406 3872 620 3911 supersor.
667 3862 811 3901 littera
855 3871 902 3900 m
931 3861 973 3900 A
1005 3861 1055 3910 ὃς
1086 3862 1136 3900 in
1182 3859 1551 3910 ,agonthiensem
1582 3858 1624 3898 A
1654 3857 1702 3908 53
1754 3857 1949 3908 Agonth.
1996 3870 2110 3900 corr.
2156 3859 2390 3908 Maoeonth.

153 3917 192 3956 G
223 3920 263 3961 1.
298 3920 354 3970 33
402 3921 803 3970 Magonthiensem
849 3920 873 3959 1
905 3919 955 3968 ὃς
1001 3919 1473 3968 Agomogontiensem
1521 3917 1563 3958 G
1595 3917 1676 3965 δας
1724 3918 2180 3965 Mogoneiacensium
2228 3917 2269 3958 G
2299 3917 2390 3967 5b3

150 3975 520 4027 Mogontiensem
555 3979 597 4020 G
628 3979 697 4020 50.
817 3978 865 4030 v)
897 3979 1006 4018 deest
1039 3978 1072 4019 C
1108 3980 1148 4021 1.
1267 3977 1328 4028 w)
1361 3981 1546 4027 gentem
1576 3977 1614 4016 B
1645 3979 1687 4016 1.
1719 3977 1809 4015 Pl.
1854 3998 1906 4007 —-
1940 3988 1979 4019 o.
2014 3975 2151 4018 Goth.
2183 3976 2327 4015 dean
2348 3976 2391 4016 8.

148 4035 194 4087 x)
223 4038 335 4076 deest
367 4039 413 4078 H
446 4039 484 4080 1.
647 4038 695 4090 y)
729 4039 936 4079 devictus
965 4039 1004 4077 B
1039 4039 1088 4085 13
1136 4037 1330 4077 dedictis
1374 4037 1411 4076 F
1445 4039 1495 4086 ις
1545 4035 1709 4076 deletis
1742 4034 1783 4075 G
1814 4035 1952 4085 1-5;
1998 4036 2162 4077 debitis
2193 4034 2235 4074 A
2266 4033 2309 4074 5.
2343 4035 2388 4075 6.

145 4093 190 4144 z)
222 4097 372 4138 multa
413 4096 456 4136 A
487 4098 530 4138 1.
683 4095 728 4150 a)
762 4098 1014 4138 meciarum
1045 4096 1084 4136 A
1119 4097 1168 4145 13
1231 4096 1489 4146 speciatum
1533 4096 1571 4135 B
1607 4095 1647 4135 1.
1695 4095 1734 4133 E
1769 4096 1809 4136 1.
1962 4093 2010 4146 b)
2043 4104 2213 4143 magna
2256 4090 2299 4132 A
2332 4094 2391 4143 13

149 4164 352 4202 magnan
383 4157 420 4195 B
463 4157 502 4196 1.
625 4155 667 4209 0)
701 4167 785 4206 per
814 4157 850 4195 F
886 4157 924 4198 1.
962 4154 1003 4195 G
1037 4157 1077 4196 1.
1114 4156 1157 4195 2.
1192 4155 1233 4195 3.

146 4266 209 4329 1)
239 4266 324 4336 Qf.
364 4269 546 4321 Bedae
585 4269 766 4322 chron.
918 4267 975 4334 2)
1015 4265 1285 4336 Aguntum
1321 4265 1429 4319 sive
1480 4265 1707 4330 Inticha‚
1747 4265 2020 4330 Inniche‘n,
2074 4265 2146 4316 ad
2181 4265 2393 4330 fontem

149 4335 352 4394 Dravi.
427 4345 538 4398 BE.
693 4341 752 4410 3)
792 4358 1040 4409 magnam
1083 4369 1148 4379 —
1190 4341 1408 4409 pertulit
1446 4357 1511 4393 ex
1546 4341 1722 4394 Beda.
