2984 4917
623 352 842 404 PAULI
882 353 1233 407 HISTORIA
1268 355 1945 409 LANGOBARDORUM.
2337 358 2413 407 23

346 520 532 585 Unus
577 519 814 584 alterve
857 542 988 586 non
1029 522 1140 586 lon
1189 544 1220 586 e
1265 546 1310 585 a
1339 521 1544 587 Pauli
1586 532 1793 588 aetate
1836 522 2031 606 abest,
2076 524 2202 591 alii
2242 535 2411 591 certe

157 627 331 669 saec.
364 604 480 667 IX.
523 602 621 669 vel
647 602 727 667 X.
773 605 1052 687 exarati,
1086 627 1142 689 p
1170 608 1268 671 eri
1310 628 1389 669 ue
1427 608 1784 691 posteriori
1820 616 2025 673 aetate
2066 630 2271 693 usque
2316 611 2411 675 ad

158 689 332 752 artis
360 689 880 773 typoqraphicae
910 628 1322 755 incunabula
1359 690 1690 775 descripti.
1762 690 1865 755 De
1896 691 2130 777 quibus
2211 694 2409 758 artim

155 772 556 853 Bethmann,
606 772 860 855 partim
914 773 943 835 i
991 795 1054 838 se
1111 775 1186 838 in
1241 771 1620 839 Annalibus
1674 776 1918 839 nostr-is
1961 776 2132 859 (Arc
2180 778 2246 841 iv
2291 778 2409 843 der

160 854 593 939 G'esellschaft
648 855 784 937 VII,
820 878 895 940 p.
969 854 1052 920 75
1079 878 1214 943 sqq.
1258 857 1336 939 X,
1370 879 1447 941 p.
1500 856 1621 921 317
1667 880 1699 921 s
1743 904 1761 921 .
1800 859 2017 924 Neues
2058 859 2305 925 Archiv
2348 860 2406 942 Ι,

143 962 223 1024 p.
269 937 397 1003 535
441 942 612 1024 sqq.)
649 938 892 1023 fusius
947 964 978 1005 e
1027 942 1216 1005 imus.
1304 942 1436 1007 Hic
1486 943 1685 1027 sinqu
1715 966 1783 1007 os
1835 943 2109 1008 breviter
2152 952 2407 1009 tantum

154 1033 628 1103 recensemus¹‚
675 1022 907 1107 plures
1002 1026 1383 1090 iscernentes
1439 1025 1701 1108 classes,
1754 1026 1988 1091 litteris
2045 1028 2407 1114 majoribus

154 1108 499 1173 indicatas
543 1104 642 1189 (A
687 1109 718 1169 1
769 1128 904 1193 sqq.
905 1111 961 1187 ).

333 1191 432 1275 (l)
479 1190 782 1254 Omnium
855 1192 930 1254 ui
956 1200 1214 1256 eaestant
1243 1194 1742 1277 antiquissimus
1773 1203 1865 1257 est
1892 1195 2095 1259 codex
2124 1196 2407 1279 rescrip-

155 1284 264 1338 tus
309 1272 722 1339 bibliothecae
765 1213 1253 1358 Aqsisiensis,
1291 1278 1521 1361 prima
1562 1300 1769 1341 manu
1810 1277 2041 1342 litteris
2086 1300 2253 1363 quas
2302 1280 2407 1344 di-

157 1368 318 1423 cunt
374 1356 752 1423 uncialibus
794 1380 963 1422 saec.
1023 1358 1195 1422 VIII.
1242 1369 1541 1441 eoeeunte,
1600 1370 1673 1423 ut
1713 1362 2003 1440 videtur,
2062 1370 2403 1444 ecc-aratus,

155 1444 233 1507 in
281 1464 410 1527 quo
434 1441 568 1526 fra
615 1451 833 1506 menta
873 1442 1030 1507 libri
1056 1442 1149 1506 H.
1177 1452 1237 1506 et
1279 1443 1345 1507 V.
1389 1445 1813 1529 deprehendit
1839 1445 2234 1511 Bethmann.
2299 1446 2403 1512 De

158 1548 441 1611 quorum
480 1528 556 1590 in
609 1526 702 1590 ole
744 1548 804 1589 v.
847 1526 936 1590 N.
978 1524 1182 1591 Arch.
1222 1526 1267 1591 l.
1307 1526 1352 1591 l.
1386 1551 1463 1612 p.
1508 1526 1653 1591 537.

335 1608 433 1695 (2)
478 1608 540 1672 A
587 1608 643 1672 1.
730 1608 1062 1675 Ecclesiae
1121 1611 1521 1675 cathedralis
1571 1612 1780 1677 Foro
1784 1614 1827 1698 j
1842 1612 2198 1679 uliensis
2253 1612 2405 1696 (Oi-

155 1695 660 1775 vitatensis),
717 1695 792 1757 in
836 1695 993 1779 ipsa
1035 1693 1238 1759 Pauli
1331 1697 1542 1776 atria,
1602 1705 1673 1760 ut
1714 1696 2005 1777 videtur,
2064 1706 2404 1776 emaratus,

155 1802 207 1842 s.
255 1777 374 1841 IX.
416 1777 649 1859 medic,
704 1800 909 1842 manu
962 1801 1125 1859 una,
1179 1801 1262 1843 ca
1289 1802 1435 1845 amo
1479 1782 1808 1861 continuo,
1856 1789 2215 1846 atramento
2256 1782 2404 1846 sub-

133 1862 387 1947 fusco;
489 1863 907 1926 uaterniones
945 1860 1216 1947 formae
1273 1865 1649 1928 octonariae
1706 1873 1896 1928 erant
1939 1863 2040 1945 13,
2090 1888 2122 1929 e
2213 1865 2405 1931 uibus

145 1948 368 2031 primi
389 1884 575 2029 fglia
632 1946 920 2031 quinque
963 1948 1209 2030 priora
1262 1969 1410 2011 cum
1458 1950 1728 2032 septimo
1781 1947 2117 2033 ultimique
2150 1888 2405 2034 ⁴ssolium

207 2032 450 2094 rimum
503 2051 676 2093 cum.
707 2038 928 2093 octavo
971 2030 1354 2095 caeciderunt
1361 2053 1388 2111 ,⁶
1448 2030 1665 2095 lineae
1770 2054 1841 2096 er
1867 2034 2207 2132 paqinam
2250 2041 2406 2096 sunt

203 2114 260 2177 7.
306 2113 715 2192 Bethmann,
781 2116 897 2197 qui
951 2114 1025 2177 in
1075 2114 1343 2177 ecclesia
1385 2116 1637 2200 majore
1737 2114 2154 2200 oroyu.liana‚
2208 2138 2405 2179 cano-

155 2201 307 2263 nico
362 2198 440 2261 de
497 2195 815 2261 Orlandis
872 2196 1253 2282 adjuvante,
1313 2198 1513 2283 hujus
1564 2200 1841 2282 pretiosi
1894 2197 2051 2263 libri
2104 2198 2407 2265 lectiones

155 2290 468 2346 accurate
511 2282 815 2361 enotavit,
861 2281 940 2345 de
988 2282 1130 2363 ipso
1177 2281 1333 2345 haec
1379 2290 1722 2365 praeterea
1762 2282 2050 2347 monuit:
2094 2282 2403 2348 ‘Habitus

145 2365 360 2452 plane
411 2374 485 2428 ut
533 2365 606 2428 in
663 2364 878 2450 lequm
933 2364 1266 2429 codicibus
1318 2365 1569 2429 saecul-i
1618 2365 1723 2428 IX
1729 2387 1755 2447 ;
1816 2364 2067 2431 litterae
2106 2366 2403 2432 initiales
2480 2436 2487 2445 ¹

151 2470 364 2535 neque
408 2450 809 2513 ornamentis
845 2466 1054 2534 ‘neque
1083 2448 1403 2513 coloribus
1429 2450 1567 2513 insi
1614 2451 1813 2531 nitae,
1855 2450 2131 2515 maculis
2172 2450 2405 2516 solum-

150 2534 345 2598 modo
377 2556 554 2597 nunc
581 2533 822 2597 viridis
851 2555 1027 2595 nunc
1057 2534 1266 2597 crocei
1295 2533 1533 2598 coloris
1601 2536 1921 2616 istinctae‚
1933 2534 2170 2619 forma
2192 2536 2405 2600 Mero-

153 2620 270 2683 vin
276 2618 446 2703 qicis
488 2614 878 2681 simillimae.
971 2614 1273 2701 Capitum
1315 2618 1577 2681 numeri
1620 2626 1979 2683 atramento
2021 2620 2289 2683 eccarati
2327 2621 2403 2685 in

153 2701 332 2765 calce
367 2700 829 2785 praecedentis
856 2701 1170 2784 cujusque
1199 2703 1463 2785 capitis,
1502 2723 1637 2766 non
1665 2702 1741 2765 in
1770 2703 2091 2788 margine.
2172 2702 2404 2767 Vocum

151 2787 401 2851 divisio
443 2784 794 2849 admodum
833 2806 1094 2848 manca.
1161 2783 1511 2850 Scribendi
1553 2786 1942 2869 compendia
1960 2788 2401 2870 paucissima.

156 2869 322 2933 Alia
377 2889 617 2931 manus
723 2889 794 2930 er
847 2875 1046 2932 totum
1102 2869 1384 2933 codicem
1437 2869 1543 2932 hic
1602 2864 1741 2933 illic
1801 2870 2127 2954 quaedam
2181 2872 2403 2934 minus

149 2954 309 3018 bene
368 2954 631 3015 correoei
675 2996 691 3013 .
781 2952 1047 3015 Teaetum
1098 2953 1203 3016 hic
1247 2952 1567 3016 traditum
1610 2974 1897 3028 summae
1940 2975 2074 3018 esse
2120 2956 2404 3019 auctori-

147 3039 334 3118 tatis,
376 3058 522 3100 cum
563 3034 975 3099 Bethmanno
1005 3057 1139 3099 non
1157 3057 1513 3119 possumus
1542 3037 1703 3119 quin
1734 3045 2119 3101 statuamus.
2176 3038 2402 3121 Neque

148 3130 372 3185 tamen
409 3118 663 3183 mendis
705 3126 902 3198 caret,
936 3127 995 3183 et
1023 3119 1096 3182 in
1125 3118 1462 3184 verborum
1486 3118 1739 3203 formis
1769 3120 2213 3203 exprimendis
2242 3142 2404 3183 non-

151 3226 518 3303 numquam
549 3202 630 3265 ab
661 3203 926 3287 archety
979 3224 1014 3267 o
1043 3202 1260 3266 scriba
1290 3204 1626 3267 recessisse
1654 3202 1931 3267 videtur.
2004 3202 2401 3289 Scripturae

147 3309 479 3375 specimen
522 3285 670 3350 vide
711 3287 786 3349 in
832 3224 1061 3349 tabpula
1102 3285 1157 3353 I.
1188 3287 1497 3351 editionis
1539 3288 1833 3372 majoris.

147 3458 194 3521 4
325 3370 470 3517 353)
515 3368 578 3433 A
606 3370 666 3433 2.
763 3369 1238 3433 Vaticanus
1279 3370 1405 3434 Nr.
1435 3368 1623 3449 4917,
1669 3369 1821 3434 olim
1851 3368 2097 3451 Sirleti,
2140 3370 2437 3435 membre
2484 3420 2498 3435 .

195 3502 212 3519 .
246 3477 300 3518 s.

393 3454 446 3534 Ι,
491 3454 608 3539 qui
639 3462 912 3537 praeter
942 3452 1307 3517 Historiam
1336 3452 1927 3539 Langobardorum
1962 3462 2092 3519 tres
2122 3455 2401 3519 continet

128 3537 482 3625 formulas
497 3560 519 3601 .·
578 3534 867 3617 Qualiter
920 3538 1229 3621 patricius
1288 3536 1372 3600 sit
1423 3536 1771 3601 faciendus.
1861 3536 2153 3617 Qualiter
2205 3537 2404 3603 iudex

149 3619 642 3687 constituendus
687 3620 787 3684 sit.
875 3618 1164 3700 Qualiter
1203 3620 1534 3685 Romanus
1583 3619 1724 3685 fieri
1767 3618 2000 3685 debeat
2042 3628 2135 3705 (v.
2183 3620 2402 3687 Giese-

151 3707 376 3771 brecht
415 3705 497 3767 K.
545 3702 624 3769 G.
667 3703 724 3785 Ι,
766 3728 835 3789 p.
859 3702 1040 3785 884).
1125 3706 1289 3769 Inde
1331 3704 1572 3769 libr-um
1612 3703 1860 3769 Romae
1904 3704 2218 3807 scriptum
2272 3726 2404 3771 esse

153 3789 310 3855 colli
357 3789 596 3853 endum
626 3797 733 3853 est.
800 3788 1058 3852 Indices
1090 3811 1220 3874 per
1262 3788 1538 3874 singula
1580 3790 1806 3873 capita
1836 3811 2079 3873 sparsi,
2123 3789 2200 3853 id
2229 3790 2404 3875 quod

154 3874 296 3939 scri
339 3894 416 3937 ae
458 3872 874 3937 tribuendum
916 3894 1046 3937 esse
1087 3873 1346 3938 videtur
1364 3884 1408 3936 ².
1481 3872 1678 3937 Isiber
1719 3895 1863 3936 cum
1906 3871 1968 3935 A
1991 3871 2023 3934 1
2074 3871 2405 3957 affinitate

150 3959 550 4044 conjunctus
591 3977 794 4041 neque
852 3965 1067 4020 tamen
1111 3978 1192 4022 ew
1235 3956 1352 4021 hoc
1376 3957 1608 4043 fluxit,
1662 3978 2159 4043 nonnumquam
2208 3958 2404 4023 etiam

161 4170 218 4232 1)
245 4164 458 4229 Omnes,
494 4167 560 4218 de
581 4164 769 4231 quibus
809 4163 963 4217 aliter
981 4181 1087 4217 non
1123 4163 1320 4229 monui,
1342 4165 1647 4217 Bethmann
1682 4164 1796 4231 ipse
1816 4163 2022 4217 evolvit.
2172 4161 2231 4230 2)
2255 4162 2399 4214 Nam

155 4239 390 4307 singulis
429 4238 577 4292 libris
607 4240 773 4291 verba
798 4236 1122 4305 praemittit.-
1155 4239 1221 4290 In
1257 4254 1310 4291 n.
1349 4239 1419 4291 D.
1457 4240 1565 4291 inc.
1607 4236 1847 4305 capitula
1886 4237 1953 4289 de
1992 4236 2213 4288 historia
2250 4235 2399 4286 Lan·

155 4313 518 4380 gobal-dorum
558 4320 651 4366 etc.
