2984 4917
575 417 801 469 PAULI
837 418 1187 470 HISTORIA
1225 418 1897 474 LANGOBARDORUM.
2290 424 2357 474 19

125 584 278 650 libro
338 586 428 650 ad
445 587 612 649 ‘utus
667 594 784 666 est,
860 587 1003 671 qui·
1041 586 1304 651 saeculo
1361 587 1462 652 VI.
1528 597 1829 670 exeunte,
1904 588 2040 652 VII.
2093 590 2241 654 ineu
2252 599 2355 656 nte

125 671 280 734 vixit
321 675 395 752 (o
436 671 516 734 iit
557 692 620 734 a.
651 669 810 750 612)
855 679 914 733 et
952 670 1165 735 Paulo
1204 679 1354 736 teste
1396 674 1813 736 ‘succinctam
1855 673 1934 736 de
1973 672 2119 736 Lan
2172 674 2355 737 obar-

124 753 342 818 dorum
368 755 569 838 qestis
599 755 956 836 composuit
975 754 1338 819 historiam'
1369 755 1515 838 (ΙῘζ,
1536 754 1621 820 42
1628 778 1654 837 ,·
1686 756 1772 840 cf.
1794 756 1923 838 III,
1946 755 2047 820 28.
2075 757 2122 820 Ι
2171 804 2192 837 ,
2215 756 2356 839 27),

128 859 250 920 qua
287 835 588 920 fortasse
643 839 840 902 etiam
886 839 1274 923 antiquiora
1312 837 1435 902 illa
1485 848 1611 904 tem
1660 862 1783 904 ora
1823 841 2087 926 tetiqitl.
2180 839 2357 906 Certe

124 919 363 984 Paulus
407 943 844 1007 quaecumque
887 921 966 986 de
993 923 1184 986 rebus
1214 943 1266 985 s.
1312 922 1414 986 VI.
1459 932 1517 985 et
1609 923 1699 986 II.
1790 925 1941 988 estis
1972 925 2355 988 accuratius

122 1003 308 1088 refert
335 1027 418 1070 eoe
448 1005 572 1068 hac
601 1008 906 1070 sumsisse
951 1006 1322 1090 *putandus
1363 1015 1453 1071 est
1465 1017 1510 1088 ²,
1559 1030 1691 1092 qua
1782 1009 2079 1072 estitutus
2110 1007 2357 1072 brevem
2376 1023 2393 1040 ·
2442 1051 2455 1066 .
2532 1051 2547 1068 .

122 1098 172 1150 et
224 1091 504 1174 'eyunam
547 1097 800 1154 tantum
855 1097 1216 1172 temporum
1268 1090 1794 1176 subsequentium
1836 1093 2139 1156 notitiam
2182 1093 2361 1156 dedit

123 1172 191 1254 (Ι
196 1111 259 1253 ’ἕξ
291 1171 378 1236 23
423 1177 615 1257 sqq.).
704 1173 832 1238 His
874 1195 1025 1237 vero
1069 1196 1150 1239 ea
1189 1175 1476 1238 inseruit
1518 1197 1687 1259 quae
1729 1175 1808 1238 de
1850 1175 2359 1260 imperatoribus

126 1256 882 1342 Constantinopolitanis,
928 1257 1006 1320 de
1033 1257 1298 1342 reqibus
1324 1258 1758 1340 Franco-rum,
1804 1259 1883 1322 de
1926 1259 2358 1342 scriptoribus

121 1340 592 1422 ecclesiasticis,
652 1342 732 1404 de
773 1345 1169 1406 monasterio
1214 1340 1286 1405 S.
1329 1341 1677 1406 Benedicti
1719 1352 2047 1428 comperta
2106 1343 2357 1425 habuit,

121 1425 207 1488 ita
246 1435 319 1488 ut
346 1424 719 1511 generalem
739 1425 898 1509 fere
941 1446 994 1488 s.
1035 1424 1224 1489 VL—
1241 1425 1417 1489 VIII.
1450 1425 1795 1490 historiam
1825 1427 2143 1509 conderet,
2191 1449 2358 1511 quae

119 1508 424 1574 historiae
476 1509 820 1573 Romanae
876 1510 951 1572 in
1003 1509 1213 1573 medio
1272 1509 1530 1574 saeculo
1590 1509 1691 1574 VI.
1751 1511 2106 1574 desinentis
2203 1513 2360 1576 uasi

119 1594 515 1656 continuatio
567 1595 786 1676 possit
850 1591 1106 1657 haberi·
1205 1592 1316 1657 Ad
1380 1615 1621 1657 manus
1685 1595 1746 1658 ei
1790 1593 2083 1672 fuerunt
2225 1596 2358 1660 inii

119 1676 387 1741 historia
417 1676 778 1756 naturalis,
823 1675 1048 1740 Servii
1089 1679 1591 1743 commentarius
1634 1677 1708 1742 in
1756 1677 2127 1763 Verqilium,
2173 1700 2359 1762 quem

121 1759 366 1826 Donati
395 1761 658 1824 nomine
685 1760 926 1824 laudat
953 1760 1080 1843 (II,
1111 1759 1252 1841 23),
1302 1759 1659 1861 Cataloyus
1676 1763 2191 1846 provinciarum
2219 1762 2353 1825 Ita-

118 1843 233 1909 liae
260 1843 460 1930 infra
488 1843 781 1908 edendus
812 1844 942 1927 (ΙΙ,
965 1843 1103 1926 20),
1136 1844 1388 1909 Isidori
1416 1846 1772 1910 chronicon
1801 1855 1860 1911 et
1887 1845 2181 1933 Etymolo
2230 1847 2357 1927 iae,
2435 1858 2441 1864 “

118 1926 421 2016 Greqorii
468 1928 519 1991 I.
566 1928 822 2014 Maqni·
875 1927 1132 2014 dialoqi
1181 1938 1240 1993 et
1294 1929 1638 2013 epistolae,
1720 1927 1920 1996 Gesta
1969 1869 2359 2014 pontificum
2435 1980 2442 1987 .

119 2013 560 2077 Romanorum
590 2011 683 2075 ad
713 2010 1109 2098 Greqorium
1139 2011 1230 2076 II.
1261 2036 1341 2077 us
1385 2035 1466 2076 ue
1495 2014 1797 2095 deducta,
1841 2013 2066 2078 Marci
2091 2036 2358 2078 carmen
2432 2047 2435 2053 ¹

117 2097 180 2160 in
207 2097 475 2161 laudem
503 2095 573 2160 S.
605 2095 952 2160 Benedicti
979 2097 1072 2178 (1,
1101 2095 1242 2177 26),
1347 2119 1392 2160 u
1441 2099 1514 2181 ip
1566 2098 1625 2161 ii
1652 2098 1791 2160 vita
1820 2095 2145 2177 Severini,
2190 2096 2353 2162 Aut-

109 2183 276 2264 perti
317 2183 465 2244 vita
509 2179 831 2244 Paldonis
875 2189 934 2244 et
966 2182 1249 2244 Tasonis
1294 2187 1328 2264 (
1340 2120 1440 2260 VJ,
1557 2185 1619 2260 ),
1673 2180 2003 2246 Jordanis
2058 2180 2221 2245 liber
2278 2180 2355 2245 de

114 2265 290 2328 rebus
318 2263 566 2328 Geticis
610 2263 739 2347 (II,
773 2264 930 2344 17)³
945 2311 966 2344 ,
1013 2262 1328 2349 Greyorii
1373 2264 1771 2328 Turonensis
1808 2264 2120 2332 Historia
2162 2263 2353 2329 eccle·

114 2349 378 2413 siastica
433 2347 879 2428 Francorum,
943 2351 1019 2412 in
1085 2370 1220 2433 qua
1283 2346 1490 2411 multa
1556 2349 1753 2411 etiam
1808 2347 1887 2411 de
1940 2348 2355 2412 Francorum

116 2431 282 2497 bellis
335 2455 488 2496 cum
530 2431 1001 2516 Lanqobardis
1043 2433 1240 2516 9estis
1282 2432 1535 2494 invenit
1546 2439 1591 2512 ⁴,
1644 2431 1869 2496 Bedae
1910 2431 2073 2496 liber
2115 2431 2196 2496 de
2238 2453 2353 2495 seoe

114 2515 430 2582 aetatibus
487 2516 722 2580 mundi
783 2525 840 2579 et
898 2515 1203 2579 Historia
1263 2514 1701 2580 ecclesiastica
1755 2513 2123 2601 Anqlorum
2142 2563 2159 2598 ,
2226 2515 2349 2580 Di-

111 2600 628 2766 ffifflfflf
629 2605 753 2746 ⁵⁶21(
754 2599 810 2680 ²²
821 2597 998 2748 1353&
1000 2599 1164 2763 fd}
1163 2598 1943 2766 ⁰Z32⁶Zpss⁰iss⁰⁷⁴1²3302²20⁹²52213
1944 2598 2353 2768 dmm&

108 2789 350 2832 vennae
380 2730 681 2832 eaestab’at
746 2730 884 2848 III}
911 2765 990 2830 19
990 2729 1070 2847 ).'
1223 2776 1478 2831 aeterea
1499 2766 1727 2850 fastos
1758 2767 1856 2830 vel
1887 2767 2165 2832 annales
2194 2788 2245 2830 s.
2285 2767 2349 2832 V.

111 2851 192 2933 (I,
220 2851 323 2916 25.
373 2851 466 2933 II,
496 2849 642 2932 14),
728 2859 974 2915 ortasse
1017 2851 1211 2916 etiam
1254 2850 1626 2937 cataloyum
1670 2851 1909 2916 ducum
1952 2851 2352 2916 Beneventa-

108 2947 372 3001 norum⁵
421 2944 479 2998 et
507 2933 1012 3018 Spoletanorum
1050 2934 1357 3000 habuisse
1385 2935 1740 3020 putandus
1771 2944 1877 2999 est.
1964 2933 2173 2999 Plura
2202 2957 2351 3000 vero

111 3039 304 3104 eaque
332 3021 573 3106 maqni
592 3017 930 3101 facienda
958 3019 1153 3082 etiam
1182 3041 1262 3082 eoe
1293 3019 1540 3103 populi
1566 3041 1675 3083 ore
1704 3017 1977 3104 colleqit,
2023 3021 2157 3084 sive
2202 3041 2347 3083 car·

110 3199 239 3250 Acta
273 3204 406 3252 sunt
443 3215 606 3266 supra
643 3200 848 3266 scripta
887 3200 1068 3250 omnia
1103 3201 1160 3248 in
1216 3185 1434 3250 civitete
1471 3199 1790 3250 Tridentino.
1838 3200 1897 3248 in
1931 3197 2055 3249 loco
2093 3197 2350 3264 Anagnis,

107 3273 424 3338 precedente
475 3271 707 3339 Agnello
762 3273 1016 3340 episcopo
1067 3287 1207 3323 anno
1257 3272 1309 3324 3.
1363 3271 1595 3338 expleto.
1668 3273 1789 3338 Ego
1841 3270 2121 3322 Secundus
2166 3286 2351 3322 servus

107 3345 303 3398 Christi
340 3346 538 3412 scripsi
573 3347 676 3396 hec
719 3345 1082 3397 conversionis
1133 3360 1285 3396 sacre
1323 3343 1614 3410 relegionis
1661 3359 1781 3395 mee
1817 3359 1955 3394 anno
1999 3343 2083 3406 15,
2138 3343 2351 3410 imperii

106 3417 303 3470 Tiberii
354 3434 499 3470 anno
548 3420 738 3486 primo,
790 3433 974 3470 mense
1012 3418 1186 3480 Iunio,
1223 3416 1413 3468 indict.
1456 3419 1543 3468 13.
1733 3413 1788 3482 1)
1840 3413 2075 3468 Secundi
2122 3416 2353 3468 codicem

107 3491 276 3544 adhuc
317 3510 364 3544 s.
405 3490 544 3542 XII.
591 3491 821 3544 Brixiae
862 3489 1060 3557 fuisse,
1099 3489 1306 3542 incerta
1354 3497 1430 3542 est
1479 3489 1699 3554 notitia3
1749 3489 1999 3558 Emmert‚
2054 3505 2145 3555 ap.
2186 3489 2347 3542 Mene

105 3564 362 3632 Anzeiqer
405 3564 566 3627 1839,
595 3581 662 3630 p.
701 3564 828 3614 282.
981 3561 1040 3631 2)
1082 3561 1163 3630 (ff.
1202 3563 1394 3614 Baudi
1443 3561 1503 3614 di
1551 3563 1747 3626 Vesme‚
1796 3561 1995 3615 Edicta
2034 3561 2244 3614 Introd.
2272 3580 2339 3629 p.

103 3635 357 3703 LXXIV,
387 3638 485 3704 qui
521 3646 697 3690 tamen
733 3636 904 3688 nimia
924 3637 1140 3704 fiducia
1175 3636 1241 3688 de
1280 3635 1503 3703 singulis
1542 3637 1667 3688 locis
1698 3636 1934 3704 judicat.
2014 3634 2162 3698 Quae
2202 3633 2347 3688 C'ont.

102 3709 350 3777 Prosperi
385 3710 718 3762 Havniensis
755 3711 822 3762 de
860 3706 1236 3778 Lmnyobardis
1271 3719 1466 3761 narrat
1513 3717 1701 3761 notatu
1748 3709 1907 3761 valde
1943 3709 2115 3776 digna
2152 3725 2218 3762 ex
2256 3707 2347 3760 Se-

103 3785 269 3836 cundo
309 3792 490 3836 sumta
525 3800 652 3848 esse,
689 3783 994 3836 Bethmann
1031 3781 1220 3848 (Arch.
1257 3782 1325 3846 Χ,
1356 3799 1417 3849 p.
1456 3783 1610 3848 381),
1650 3780 1799 3834 Hille
1838 3781 1918 3849 (p.
1962 3781 2076 3848 10),
2116 3781 2215 3833 alii
2239 3789 2350 3832 sta-

106 3863 331 3909 tuenmt.
407 3855 520 3909 Sed
554 3865 692 3910 recte
727 3857 918 3909 Jacobi
963 3857 1059 3909 hoc
1095 3854 1328 3924 negavit.
1490 3855 1552 3922 3)
1615 3856 1787 3907 Unum
1836 3855 1975 3907 hunc
2025 3855 2194 3906 locum
2240 3871 2349 3906 non

102 3929 280 3999 maqni
316 3931 580 3998 facerem,
616 3928 726 3981 nisi
773 3931 832 3982 in
870 3929 1093 3982 historia
1141 3929 1390 3980 Romana
1435 3928 1652 3995 saepius
1690 3945 1747 3980 eo
1794 3945 1923 3980 usus
1974 3936 2121 3980 esset.
2195 3927 2353 3980 Libri

101 4005 160 4055 de
195 4019 484 4074 reynerum
534 4003 856 4056 successione
904 4011 1048 4056 certa
1097 4001 1322 4070 vestigia
1369 4002 1523 4054 haud
1569 4001 1767 4054 inveni.
1918 3999 1977 4067 4)
2029 4000 2349 4069 Fredegarii

103 4076 358 4144 epitomen
395 4086 445 4130 et
489 4077 771 4130 chronicon
817 4075 956 4129 inter
1002 4075 1170 4127 Pauli
1208 4077 1396 4141 fontes
1439 4092 1550 4127 non
1598 4073 1884 4138 retulerim,
1942 4073 2183 4138 quamvis
2213 4091 2343 4126 non-

103 4167 389 4218 numquam
427 4151 537 4216 (II,
577 4152 630 4202 5.
670 4150 774 4215 IV,
818 4151 902 4204 15.
943 4151 1032 4200 43.
1074 4151 1170 4214 50)
1209 4147 1408 4200 similia
1443 4157 1648 4200 narret.
1799 4145 1858 4214 5)
1896 4145 2072 4198 Nimis
2110 4155 2245 4200 certe
2283 4149 2349 4199 de

105 4225 344 4278 chronico
381 4225 578 4277 ducum
631 4224 1128 4276 Beneventanorum
1178 4221 1410 4288 loquitur
1445 4220 1635 4273 Baudi
1672 4219 1731 4271 di
1779 4220 1957 4272 Vesme
1992 4237 2045 4284 p.
2085 4219 2347 4270 LXXIV.

113 4296 234 4350 Tale
271 4297 324 4350 si
369 4299 665 4361 eoestitisset,
721 4295 781 4348 in
833 4295 1005 4349 Gestis
1055 4311 1172 4360 epp.
1226 4294 1721 4360 Neapolitanorum,
1790 4292 1913 4344 Vita
1961 4291 2191 4344 Barbati
2236 4293 2347 4358 ejus

103 4370 326 4441 vestigia
363 4371 760 4438 deprehendere
799 4370 1123 4423 deberemus.

1819 4467 1849 4515 2
1864 4465 1885 4490 ψ
