2984 4917
519 384 588 433 14
975 382 1196 435 PAULI
1234 382 1586 435 HISTORIA
1624 383 2295 465 LANGOBARDORUM.

515 552 710 617 ritate
732 554 924 616 etiam
942 560 1097 636 post
1119 548 1367 614 Karolo
1384 551 1695 635 junctum
1711 549 2055 616 'videamus
2071 564 2113 612 ¹.
2180 551 2314 616 Sed
2338 552 2575 616 Arichi
2602 553 2770 617 duci

516 657 641 719 quo
687 658 766 699 ue
811 635 1170 699 amicitiam
1211 634 1514 715 servavit,
1558 636 1741 717 eique
1772 658 1834 707 a.
1867 634 2008 699 787.
2051 645 2303 699 mortuo
2347 635 2767 720 epitaphium

516 659 824 800 comazon,
912 719 1352 782 venerationis
1423 726 1482 780 et
1556 718 1801 783 amoris
1870 720 2133 804 insiqne
2218 728 2763 783 monumentum&

517 804 838 876 Romae³,
906 803 1008 865 his
1053 800 1350 884 fortasse
1417 803 1690 879 annis⁴‚
1757 804 1959 867 vitam
2016 804 2286 886 scripsit
2346 800 2659 889 Greyorii
2700 806 2760 867 I.

509 908 759 972 papae.
864 885 946 948 In
1007 887 1399 949 monasterio
1472 907 1625 949 vero
1691 886 2039 952 Casinensi
2101 908 2455 968 sermones,
2528 886 2763 971 quales

563 970 740 1035 Zures
799 977 1057 1031 eoestant
1075 978 1128 1048 ⁵,
1195 968 1460 1054 aliaque
1518 972 1893 1053 composuit.
2002 970 2159 1035 Cum
2214 970 2505 1035 Karolus
2568 993 2765 1057 requ-

505 994 648 1119 {Jam
713 1054 928 1117 sancti
989 1052 1334 1117 Benedicti
1396 1062 1671 1137 peteret,
1755 1076 1799 1117 a
1860 1052 2075 1118 Paulo
2140 1054 2416 1138 epistola
2489 1054 2765 1119 ‘dictata

515 1140 644 1217 est’‚
705 1159 986 1223 quacum
1046 1137 1531 1201 Theudemarus
1574 1137 1774 1201 abbas
1818 1147 1876 1201 et
1918 1147 2265 1202 conventus
2306 1136 2493 1201 illam
2536 1148 2759 1203 trans-

513 1224 832 1286 miserunt
845 1230 890 1283 ⁶.
998 1220 1346 1285 Praeterea
1409 1220 1773 1306 discipulos
1836 1224 2029 1286 etiam
2102 1220 2371 1286 aliunde
2434 1224 2763 1286 venientes

513 1307 589 1369 in
648 1304 878 1369 litteris
936 1304 1278 1369 erudiviffl.
1374 1304 1503 1367 Per
1560 1303 1816 1369 ulti-mos
1874 1328 2023 1370 vero
2080 1307 2251 1370 vitae
2318 1328 2529 1370 annos
2590 1306 2763 1369 libro

516 1410 782 1489 operam
826 1391 1118 1469 navavit,
1178 1391 1292 1488 qui
1349 1390 1522 1451 inter
1563 1410 1781 1452 rerum
1822 1388 2022 1453 medii
2068 1392 2213 1453 aevi
2256 1392 2604 1473 scriptores
2648 1392 2756 1453 in-

513 1496 764 1559 siqnem
821 1472 1031 1536 locum
1071 1474 1212 1556 ipsi
1272 1472 1589 1537 vindicat.
1711 1471 1869 1537 Cum
1935 1473 2267 1559 quondam
2328 1474 2406 1537 de
2469 1473 2758 1539 historia

513 1556 822 1621 Romana
880 1556 1342 1620 continuanda
1400 1558 1775 1642 coqitasset‚
1841 1579 2018 1619 nunc
2077 1559 2289 1641 yentis
2351 1580 2515 1621 suae
2569 1566 2759 1642 qesta

519 1746 575 1813 1)
613 1747 748 1814 Ejus
785 1745 866 1799 rei
903 1747 1171 1797 luculenta
1209 1754 1334 1797 sunt
1370 1745 1667 1797 testimonia
1706 1747 1945 1798 carmina
1984 1765 2018 1796 a
2043 1747 2243 1799 Κατ-οἷο
2286 1746 2537 1799 Casinum
2572 1748 2761 1811 missa,

514 1820 580 1873 de
617 1820 808 1887 quibus
844 1838 896 1871 v.
933 1818 1236 1871 Bethmann
1264 1836 1328 1884 p.
1371 1819 1476 1870 248
1504 1838 1614 1885 sqq.
1771 1822 1826 1884 2)
1869 1820 2025 1882 Quod
2062 1820 2293 1872 servavit
2321 1819 2510 1872 chron.
2538 1818 2758 1872 Salern.

515 1891 575 1953 I,
627 1894 712 1955 20,
762 1910 822 1958 Ρ.
863 1891 988 1944 482.
1084 1890 1355 1943 Similibus
1415 1893 1588 1944 verbis
1652 1894 1911 1945 laudatur
1972 1894 2029 1945 in
2090 1894 2321 1946 carmine
2375 1893 2571 1945 inedito
2626 1892 2757 1946 Ood.

513 1964 723 2017 Harlei.
764 1965 865 2017 Nr.
906 1965 1066 2028 3685,
1117 1982 1168 2015 a.
1220 1964 1278 2015 V.
1321 1962 1394 2016 Ol.
1437 1951 1739 2017 Du'mmlero
1790 1983 1988 2021 mecum
2028 1968 2424 2030 communicato,
2468 1966 2611 2033 quod
2644 1980 2763 2019 ‘non

516 2039 627 2090 sine
667 2055 836 2091 causa
881 2038 1054 2089 Paulo
1094 2038 1367 2089 tribueris:

847 2112 1158 2164 Catholicae
1196 2114 1445 2179 princeps
1483 2113 1715 2176 Arichis‚
1753 2118 1863 2163 tam
1904 2129 2123 2179 corpore
2162 2112 2386 2180 pulcher

845 2187 1069 2237 Pectore
1110 2200 1375 2250 quamque
1415 2187 1587 2251 magis
1625 2188 1821 2237 virtute
1858 2187 2101 2251 insignis,
2144 2193 2196 2236 et
2234 2187 2396 2237 armis

845 2260 1040 2311 Omnia
1080 2274 1404 2324 conponen3‚
1443 2275 1602 2324 quem
1641 2260 1721 2309 sic
1760 2261 2027 2325 sapientia
2066 2262 2309 2326 compsit,

843 2331 1120 2383 Redderet
1157 2337 1215 2382 ut
1251 2333 1414 2382 variis
1451 2333 1583 2383 satis
1622 2332 1823 2383 artibus
1864 2348 1981 2383 esse
2020 2337 2311 2399 potentem,

841 2406 959 2467 Quo
999 2407 1189 2456 merito
1228 2405 1389 2456 Latie
1430 2404 1641 2456 dicatur
1678 2404 1854 2471 gloria
1892 2407 2071 2470 gentis

843 2476 1139 2529 Bardorum
1181 2484 1234 2527 et
1283 2478 1511 2540 culmen,
1549 2480 1767 2544 pietatis
1808 2477 1980 2528 cultor
2020 2483 2075 2527 et
2113 2477 2293 2540 index,

842 2550 1172 2615 Iusticieque
1211 2555 1388 2611 tenaX,
1427 2566 1661 2601 summus
1700 2556 1939 2601 servator
1976 2551 2211 2611 honesti;

840 2623 952 2673 Iste
991 2629 1145 2689 pater
1181 2624 1374 2690 patrie,
1413 2622 1505 2672 lux
1518 2658 1679 2672 .....
1716 2638 1871 2674 omne
1910 2640 2142 2686 suorum,

840 2696 1020 2746 Mente
1060 2699 1190 2747 satis
1229 2695 1384 2761 vigili
1419 2711 1646 2762 pensare
1688 2701 1743 2746 et
1780 2698 2027 2747 acumine
2065 2712 2260 2762 magno

841 2770 1105 2836 Tempore
1143 2786 1389 2835 supremo
1430 2774 1655 2819 ventura
1692 2768 1934 2835 pericula
1972 2769 2118 2820 seclo
2158 2778 2251 2819 etc.

507 2875 648 2927 Sunt
681 2877 924 2942 fortasse
963 2878 1183 2929 ‘Versus
1237 2878 1309 2929 ad
1345 2876 1608 2941 Arechis',
1653 2895 1782 2943 quos
1821 2878 2013 2931 Petrus
2056 2878 2355 2931 Oasincnsis
2390 2887 2654 2940 recenset;
2694 2898 2753 2934 v.

497 2966 560 3015 p.
592 2950 659 2999 17
697 2966 753 3000 n.
904 2948 965 3016 3)
1003 2950 1202 3001 Romae
1240 2952 1492 3017 scriptam
1530 2952 1811 3003 ostendunt
1848 2953 2011 3004 verba
2062 2971 2105 3003 c.
2138 2954 2193 3001 1:
2234 2955 2291 3003 in
2327 2952 2430 3003 hac
2468 2953 2599 3003 urbe
2636 2953 2751 3005 Ro-

507 3038 694 3086 mana3
734 3023 804 3089 cf.
844 3040 888 3074 c.
929 3024 998 3073 42
1052 3026 1192 3075 intra
1230 3026 1376 3077 urbis
1433 3026 1589 3075 huius
1646 3041 1853 3088 muros;
1912 3044 1953 3076 c.
1998 3026 2086 3077 23.
2127 3026 2227 3075 29:
2274 3027 2332 3076 in
2378 3027 2483 3077 hac
2522 3026 2750 3079 civitate

505 3097 763 3148 Romana.
838 3095 1071 3147 Paulum
1110 3105 1374 3148 auctorem
1413 3114 1521 3150 esse
1536 3136 1549 3160 ,
1602 3114 1709 3149 non
1746 3099 1914 3149 solum
1952 3099 2190 3151 codicum
2221 3099 2485 3164 probatur
2515 3100 2752 3150 auctori-

505 3177 627 3234 tate,
667 3170 760 3221 secl
797 3168 956 3221 etiam
995 3188 1110 3235 cap.
1143 3172 1232 3221 10.
1272 3169 1665 3237 compca-atione
1715 3188 1833 3223 cum
1868 3172 2010 3223 Hist.
2049 3170 2221 3238 Lany.
2250 3170 2367 3235 III,
2397 3173 2484 3223 23.
2526 3180 2573 3223 et
2613 3170 2750 3225 Gre-

499 3242 649 3309 ρον-ἑο
699 3242 1024 3307 Turonensi,
1063 3260 1129 3295 ex
1169 3260 1273 3309 quo
1326 3244 1454 3296 haec
1501 3253 1676 3295 sumta
1712 3252 1852 3295 sunt.
2002 3245 2059 3310 4)
2098 3244 2241 3297 Hist.
2281 3244 2455 3313 Lanq.
2484 3243 2597 3306 III,
2641 3244 2749 3297 24.-

504 3320 628 3367 ante
676 3315 986 3385 aliquod(t)
1027 3333 1212 3369 annos.
1310 3316 1416 3368 Gur
1451 3317 1755 3370 Bethmann
1800 3335 1863 3384 p.
1892 3318 2017 3369 304.
2076 3318 2240 3369 vitam
2296 3319 2433 3369 hanc
2490 3317 2751 3383 scriptam

491 3396 676 3453 putet,
731 3397 1016 3455 antequam
1053 3389 1262 3441 Paulus
1299 3392 1675 3443 monasterium
1710 3391 1979 3459 inqressus
2017 3390 2112 3452 sit,
2166 3408 2275 3441 non
2311 3392 2483 3443 video.
2570 3390 2753 3443 Verba

501 3478 542 3512 c.
574 3462 638 3511 6:
677 3477 774 3513 noa
812 3466 996 3515 tamen
1035 3464 1254 3513 credere
1297 3464 1454 3515 decet
1490 3464 1623 3515 nihil
1665 3480 1785 3516 eum
1811 3465 2142 3515 monasticae
2180 3464 2525 3531 perfectionis
2562 3464 2750 3531 perdi-

501 3534 645 3587 disse
684 3537 970 3587 occasione
1012 3551 1173 3587 curae
1210 3538 1513 3603 pastoralia,
1563 3538 1818 3589 monacho
1858 3537 2131 3589 convenire
2159 3545 2330 3603 patet.
2480 3535 2541 3603 5)
2578 3536 2747 3589 Beth.-

498 3624 663 3659 mann
689 3625 753 3673 p.
782 3608 906 3661 302.
979 3608 1248 3661 Homilias
1287 3628 1323 3661 a
1347 3611 1614 3663 Martenio
1656 3619 1704 3663 et
1730 3608 1877 3661 Maio
1917 3610 2087 3661 editas
2124 3612 2327 3678 colleqit
2364 3610 2547 3678 Miqne
2572 3610 2745 3676 XCV,

488 3697 554 3745 Ρ.
586 3680 747 3732 1566.
831 3680 1014 3733 Tertia
1049 3684 1272 3750 ‘inteqra
1309 3684 1454 3735 edita
1504 3690 1673 3736 exstat
1713 3700 1799 3749 ap.
1848 3682 1991 3734 Tosti
2016 3702 2080 3749 p.
2119 3684 2441 3745 106-112,·
2491 3684 2559 3751 cf.
2598 3682 2750 3737 Bibe.

474 3820 480 3823 .
501 3751 618 3806 Cas.
642 3753 688 3817 I,
701 3772 764 3820 Ρ.
789 3755 912 3805 242.
942 3754 1024 3818 ΙΙ,
1047 3774 1104 3822 p.
1130 3757 1217 3807 52.
1275 3756 1358 3808 De
1377 3757 1551 3807 Paulo
1579 3762 1791 3808 auctore
1814 3758 1927 3817 sine
1954 3774 2123 3809 causa
2153 3758 2361 3809 dubitat
2380 3756 2547 3809 Dalm
2563 3774 2625 3823 p.
2650 3758 2745 3811 69.

499 3826 556 3893 6)
587 3828 836 3894 Epistula.
873 3828 943 3878 ad
981 3846 1165 3896 regem
1189 3830 1446 3881 Karolum
1475 3830 1543 3881 de
1569 3832 1891 3881 monasterio
1931 3833 2105 3882 sancti
2128 3831 2415 3883 Benedicti
2442 3831 2649 3881 directa
2688 3838 2751 3883 et

497 3914 530 3949 a
567 3900 737 3951 Paulo
779 3900 997 3954 dictata.
1073 3902 1180 3953 Ed.
1208 3902 1364 3968 Jaffe,
1403 3902 1546 3954 Bibl.
1573 3902 1679 3953 IV.
1713 3920 1771 3968 Ρ.
1803 3903 1929 3953 358.
2008 3902 2220 3955 Codices
2260 3904 2416 3956 etiam
2442 3902 2642 3955 Romae
2679 3904 2742 3955 in

505 3971 627 4023 bibl.
667 3974 894 4028 Bao-her.
921 3975 1022 4038 XI,
1053 3976 1123 4025 64
1150 3984 1198 4027 et
1233 3975 1454 4027 Tuderti
1490 3974 1625 4027 vidit
1648 3974 1974 4039 Betkmann3
2013 3976 2174 4027 Arch.
2202 3976 2337 4041 XII,
2366 3994 2430 4043 Ρ.
2460 3976 2588 4027 379.
2611 3976 2743 4029 530.

495 4044 566 4095 In
587 4063 727 4098 anno
745 4048 868 4099 791.
897 4064 1012 4099 eam
1031 4049 1249 4100 collocat
1260 4047 1444 4099 Dahn.
1526 4049 1582 4117 7)
1602 4047 1865 4099 Johamnis
1883 4048 1946 4099 G.
1968 4049 2124 4115 episc.
2142 4048 2316 4115 Neap.
2330 4069 2345 4099 .·
2370 4049 2520 4101 Alios
2535 4048 2741 4101 deinde

497 4118 726 4173 clericos
762 4123 820 4171 in
857 4124 1241 4173 monasterium
1281 4124 1454 4173 nancti
1493 4121 1780 4173 Benedicti
1804 4120 1973 4173 Paulo
2012 4122 2209 4175 levitae
2261 4124 2551 4175 destinavit
2602 4120 2743 4188 (epi-

495 4208 684 4259 scopus
721 4192 1076 4260 Stephanus).
1133 4196 1283 4246 Unus
1321 4210 1449 4246 vero
1490 4194 1562 4247 de
1592 4196 1713 4247 istis
1751 4194 2020 4247 Iohannes
2058 4198 2287 4259 nomine,
2328 4197 2421 4262 qui
2456 4200 2580 4263 post
2618 4196 2735 4247 dia-

495 4281 660 4318 conus
700 4267 976 4319 ordinatus
1008 4274 1117 4328 est,
1167 4269 1407 4335 apprime
1456 4271 1695 4321 eruditus
1747 4268 1961 4321 effulsit.
2036 4268 2140 4320 His
2190 4266 2286 4321 cur
2310 4270 2479 4337 fidem
2514 4268 2735 4335 deneget

493 4336 659 4389 Dahn
687 4356 751 4403 p.
785 4340 870 4401 73,
909 4356 1024 4390 nonr
1055 4340 1224 4392 video.
