2984 4917
423 378 646 430 PAULI
685 378 1034 431 HISTORIA
1071 378 1750 433 LANGOBARDORUM.
1825 380 1968 433 LIB.
2007 382 2055 435 1.
2292 384 2361 436 51

138 546 226 611 17.
313 545 651 627 Quomodo
693 546 1011 611 Lamissio
1066 568 1185 611 rex
1227 546 1488 613 effectus
1548 557 1661 631 est,
1718 557 1782 613 et
1796 558 1822 591 ³
1881 547 2152 635 qualiter
2206 550 2363 616 Vul-

355 652 498 695 ares
540 630 884 716 superavit.

135 715 222 780 18.
307 653 518 797 Quod,
561 723 810 779 mortuo
841 714 1260 795 Lamissione‚
1303 736 1575 799 regnum
1616 714 1868 780 Lethub
1913 718 2213 804 suscepit,
2259 728 2361 784 et⁰

353 808 452 863 ost
513 797 682 862 hunc
749 796 916 861 filius
981 798 1118 863 eius
1161 797 1477 864 Hildehoc
1495 800 1545 882 ἃ,
1598 809 1745 885 post
1810 812 2037 887 quem⁶
2104 823 2360 889 quoque

304 821 496 947 gode
543 881 654 946 ocf
695 881 1009 967 regnavit.

133 968 220 1031 19.
303 964 560 1031 Bellum
609 966 773 1030 inter
817 963 1117 1031 Odoacar
1133 977 1164 1021 ἔ
1204 988 1423 1053 regem
1466 965 2025 1114 Turcffinffiorumh
2070 978 2134 1034 et
2172 969 2355 1037 Fele-

303 1048 558 1115 theumi
615 1071 684 1113 re
733 1070 836 1113 em
877 1049 1210 1136 Rugorum
1229 1098 1246 1133 ,
1307 1060 1371 1116 et
1414 1050 1738 1137 quomodo
1836 1050 2210 1137 angobardi‚
2254 1076 2356 1119 su·

349 1135 540 1199 eratis
563 1131 645 1197 ab
726 1132 990 1198 doacrek
1011 1134 1238 1219 Rugis‚
1263 1156 1486 1198 eorum
1554 1136 1906 1200 rovinciam
1928 1137 2356 1222 possiderunt.

128 1219 217 1282 20.
373 1227 557 1283 ortuo
602 1215 966 1300 Godehoc1,
1018 1240 1087 1282 re
1135 1219 1312 1283 navit
1345 1216 1465 1283 Cla
1514 1240 1572 1302 o,
1624 1228 1739 1284 et¹¹¹
1790 1228 1935 1305 post
1974 1218 2145 1285 hunc
2172 1222 2356 1313 Tato,

297 1304 417 1449 {ui
467 1300 705 1366 delevit
751 1322 1022 1385 regnum
1132 1300 1474 1367 erulorum.

127 1386 216 1450 21.
368 1408 406 1450 e
449 1395 654 1450 morte
707 1384 973 1449 Tatonis
1028 1394 1093 1451 et
1145 1407 1344 1471 regno
1407 1384 1761 1475 Wachonis
1776 1398 1827 1470 ¹¹,
1905 1396 1967 1452 et
2074 1388 2354 1456 uomodo

298 1470 552 1535 Wacho
577 1468 825 1534 suavos
840 1480 865 1511 ⁰
889 1470 1246 1555 superavit,
1276 1479 1341 1535 et
1361 1468 1442 1534 de
1463 1471 1777 1536 uxoribus
1800 1470 1938 1536 eius
1962 1480 2027 1539 et
2092 1472 2354 1559 liabusl’,

297 1563 360 1618 et
402 1553 483 1620 de
524 1575 594 1618 re
689 1575 726 1618 o
769 1550 1060 1636 waltari,
1103 1551 1219 1617 filii
1261 1554 1418 1619 eius.
1708 1606 1716 1621 ,.

127 1638 214 1702 22.
297 1638 556 1702 Mortuo
595 1575 893 1718 waltari,
935 1638 1226 1723 regnavit
1267 1636 1550 1721 Audoin,
1582 1639 1696 1725 qui
1714 1651 1743 1692 ⁴1
1788 1638 2253 1725 Langobardos
2288 1643 2357 1706 in

295 1722 699 1787 Pannoniam
740 1718 1029 1785 adduxit.

125 1806 215 1871 23.
297 1804 554 1871 Bellum
599 1803 1048 1891 Gepidorumr
1092 1827 1244 1869 cum
1272 1804 1755 1891 Langobardis,
1799 1808 1866 1870 in
1886 1818 1909 1850 ⁵
1942 1828 2069 1893 quo
2113 1806 2355 1875 Alboin

297 1888 506 1954 filium
561 1890 732 1975 regis
794 1887 1196 1975 Gepidorum
1237 1889 1531 1954 extinxit.

124 1973 213 2039 24.
297 1971 642 2055 Quomodo
672 1971 912 2038 Alboin
945 1994 1092 2037 cum
1122 1973 1547 2059 quadraginta
1573 1975 1729 2039 viris
1772 1974 1856 2040 ad
1896 1975 2357 2041 'Purisendumt

293 2080 538 2145 regem,
582 2058 766 2121 cuius
809 2054 1012 2121 filium
1050 2058 1474 2139 interemerat,
1529 2057 1855 2156 profectus
1901 2068 1998 2124 est
2052 2081 2230 2124 arma
2270 2062 2354 2125 ab

295 2165 370 2208 eo
417 2150 663 2227 petens,
706 2150 777 2205 ut
819 2163 969 2205 cum
1011 2162 1128 2215 suo
1171 2149 1354 2226 patre
1380 2150 1587 2227 posslt
1614 2143 1681 2205 in
1712 2143 2006 2209 convivio
2048 2144 2353 2227 residere3

295 2236 358 2292 et
405 2226 725 2311 quomodo
768 2246 809 2287 a
850 2223 1208 2289 Turisendo
1252 2245 1432 2288 arma
1471 2226 1781 2310 accepitu.

120 2309 209 2373 25.
289 2310 397 2375 De
439 2332 638 2395 regno
679 2309 1017 2374 Iustiniani
1059 2318 1168 2373 etv
1212 2309 1498 2374 victoriis
1542 2310 1697 2374 eius.

119 2392 207 2458 26.
286 2394 393 2459 De
438 2395 625 2460 beato
668 2392 1019 2458 Benedicto
1065 2401 1129 2457 et
1169 2390 1497 2456 miraculis
1540 2402 1655 2458 etW
1696 2390 1995 2458 laudibus
2040 2394 2198 2459 eius.

119 2477 208 2542 27.
287 2478 395 2543 De
439 2488 642 2542 morte
669 2476 932 2541 Audoin
960 2484 1024 2541 et
1063 2498 1262 2563 regno
1304 2473 1565 2560 Alboin,
1610 2485 1721 2541 et1
1752 2476 2073 2564 quomodo
2114 2477 2354 2544 Alboin

289 2561 774 2627 Cunimundum
790 2574 823 2616 Y
876 2583 1094 2647 regem
1154 2558 1556 2646 Gepidorum
1573 2572 1597 2603 ²
1658 2562 1985 2647 superavit
2034 2564 2109 2627 et'
2156 2562 2353 2627 filiam

290 2648 431 2711 eius
472 2646 962 2734 Rosamundam·
994 2645 1100 2707 ina
1143 2645 1625 2709 matrimonium
1670 2643 1875 2710 duxit.

689 2764 1240 2831 EXPLIOIVNT
1285 2764 1751 2832 CAPITVLA.

120 3022 158 3077 a)
189 3031 232 3069 et
264 3050 314 3059 —
345 3029 586 3079 superavit
623 3029 709 3069 des.
743 3028 781 3067 Ε
817 3029 856 3068 1.
979 3027 1024 3081 b)
1053 3029 1328 3071 Letthuc-B
1363 3031 1414 3079 13
1442 3029 1617 3069 Lethus
1658 3030 1701 3069 D
1735 3030 1777 3070 2.
1900 3027 1940 3081 c)
1972 3032 2019 3071 et
2052 3052 2103 3060 -—
2138 3034 2351 3081 regnavit

118 3085 193 3127 dee.
220 3088 258 3127 E
289 3089 328 3129 1.
452 3086 500 3139 d)
531 3087 728 3127 Hildeoc
758 3086 801 3126 A
831 3087 882 3139 33
910 3087 1106 3129 Ildehoc
1135 3088 1174 3127 Β
1206 3091 1249 3129 1.
1371 3086 1415 3139 e)
1448 3088 1573 3128 hunc
1601 3088 1640 3127 Β
1676 3089 1716 3129 1.
1834 3086 1872 3139 f)
1908 3087 2096 3129 Godeoc
2125 3090 2167 3129 A
2200 3092 2239 3131 3.
2272 3092 2349 3143 303

120 3142 286 3187 Godeac
315 3148 431 3187 cori·-
465 3146 652 3187 Godeoc
693 3147 737 3186 D
772 3148 813 3187 1.
935 3144 983 3197 g)
1018 3145 1260 3187 Odoachar
1288 3146 1327 3185 Β
1361 3148 1414 3197 1;
1443 3148 1661 3195 Edoagar
1691 3147 1735 3186 D
1770 3147 1810 3185 1.
1945 3146 1993 3198 h)
2028 3148 2347 3197 Torcilinguo-

117 3213 206 3243 rum
247 3206 288 3245 D
321 3207 362 3247 2.
397 3206 448 3258 33
495 3206 866 3255 Torcilingorum
895 3205 939 3244 D
958 3206 1003 3247 1.
1137 3202 1174 3256 i)
1205 3205 1458 3245 Feledeum
1505 3216 1620 3246 corr.
1650 3205 1927 3245 Feletheum
1956 3206 2000 3244 D
2019 3208 2060 3247 1.
2100 3228 2152 3237 —
2182 3218 2345 3257 regem

122 3284 168 3295 -
194 3265 358 3314 possid.
393 3265 481 3309 dee.
508 3266 548 3305 E
582 3266 622 3304 1.
743 3262 792 3315 k)
829 3264 1070 3305 Godoacre
1100 3264 1144 3303 D
1179 3265 1228 3315 13
1261 3275 1292 3304 a
1323 3264 1545 3305 Godehoc
1574 3263 1886 3312 Rugilandam
1915 3265 2020 3306 e.D
2038 3266 2080 3304 2.
2203 3263 2237 3317 1)
2259 3266 2348 3307 Go-

119 3320 217 3362 deoc
245 3335 266 3363 e
293 3335 410 3365 corr.
443 3323 486 3364 A
517 3324 566 3374 33
601 3323 824 3365 Gudehoc
853 3324 892 3363 Β
925 3323 972 3373 13
1005 3321 1195 3364 Godooc
1224 3334 1339 3363 corr.
1373 3322 1562 3363 Godeoc
1594 3323 1637 3363 D
1672 3324 1713 3363 1.
1806 3320 1871 3373 m)
1905 3326 1953 3363 et
1984 3345 2036 3354 —
2068 3323 2347 3367 Herulorum

119 3380 192 3421 dee.
223 3383 259 3423 Ε
293 3386 336 3423 1.
459 3379 509 3434 n)
541 3383 687 3425 vach.
715 3383 759 3421 D
793 3383 844 3432 23
875 3382 1032 3423 Wacc.
1065 3382 1110 3421 H
1141 3383 1184 3424 1.
1211 3382 1250 3421 L
1282 3384 1323 3423 2.
1358 3403 1411 3411 -
1445 3385 1490 3421 et
1524 3403 1576 3412 —
1610 3382 1709 3423 eius
1738 3379 1824 3423 dee.
1852 3382 1892 3421 Ε
1926 3384 1967 3422 1.
2090 3380 2136 3433 o)
2169 3382 2346 3425 Suevos

117 3438 154 3476 D
183 3440 220 3480 3.
249 3443 292 3481 4.
322 3442 361 3481 L
397 3443 448 3492 23
483 3442 594 3481 dem
624 3443 663 3482 Β
697 3444 738 3482 1.
877 3438 927 3491 p)
961 3444 1007 3481 et
1047 3441 1104 3481 de
1135 3441 1168 3482 f.
1201 3442 1245 3481 D
1278 3441 1318 3481 2.
1352 3441 1404 3491 33
1445 3441 1477 3481 f.
1511 3440 1706 3481 waltari
1736 3440 1859 3480 filius
1906 3442 2005 3481 eius
2036 3438 2077 3479 A
2110 3442 2152 3482 3.
2188 3442 2255 3485 3c.
2292 3467 2344 3475 -

119 3502 158 3537 et
186 3520 228 3527 —
263 3502 362 3541 eius
394 3501 480 3542 dee.
511 3502 550 3541 B
589 3502 627 3551 1,
659 3501 736 3549 qui
763 3510 947 3550 ecquem
976 3504 1274 3549 armamentum
1302 3500 1368 3539 ita
1397 3500 1556 3539 exhibet
1571 3511 1585 3539 .·
1616 3500 1689 3540 De
1710 3495 1859 3548 ‘regno
1894 3499 2093 3542 Waltari
2124 3497 2211 3541 filil
2241 3502 2341 3543 effus
2406 3519 2412 3525 ·

117 3561 384 3609 mortuoque.
477 3558 524 3610 q)
557 3561 710 3609 qui—
729 3560 923 3599 addunt
951 3560 1038 3599 dee.
1068 3560 1108 3599 Ε
1142 3561 1183 3601 1.
1273 3556 1315 3611 r)
1349 3558 1548 3609 chpid.
1577 3558 1617 3597 B
1636 3561 1677 3600 1.
1708 3559 1752 3597 D
1770 3560 1813 3601 3.
1904 3560 1946 3615 s)
1977 3560 2029 3599 in
2060 3579 2113 3589 —
2148 3562 2350 3604 extinxit

117 3614 192 3656 dee.
220 3618 256 3657 E
289 3620 331 3661 1.
437 3616 474 3670 t)
506 3618 806 3659 Turfsindum
835 3619 874 3658 B
908 3620 931 3657 1
966 3622 1224 3660 constanter.
1258 3639 1310 3647 —
1344 3618 1398 3657 Τ.
1429 3618 1560 3658 venit
1588 3618 1737 3658 ceteris
1769 3617 1937 3667 omissis
1965 3620 2004 3659 E
2039 3619 2081 3660 1.
2184 3618 2234 3671 u)
2253 3632 2349 3661 sus·

117 3676 223 3724 cepit
251 3678 288 3717 B
323 3679 364 3719 1.
512 3674 560 3729 v)
595 3680 642 3719 et
669 3688 712 3720 v.
745 3688 785 3719 e.
829 3678 916 3719 des.
951 3678 991 3717 Ε
1027 3679 1067 3717 1.
1217 3676 1279 3729 w)
1329 3680 1375 3717 et
1405 3677 1437 3717 1.
1469 3677 1555 3719 des.
1603 3678 1643 3718 Ε
1678 3680 1729 3728 13
1776 3687 1837 3720 m.
1882 3678 1982 3719 eius
2014 3681 2061 3717 et
2089 3676 2119 3717 1.
2152 3679 2196 3718 D
2229 3680 2268 3721 3.
2300 3681 2344 3723 4.

117 3730 158 3783 x)
188 3739 232 3775 et
261 3758 312 3767 -
345 3736 480 3777 duxit
508 3738 594 3781 des.
623 3737 663 3776 E
699 3739 738 3777 1.
859 3734 907 3787 y)
942 3747 1046 3777 cum
1079 3736 1372 3777 cunimundo
1402 3736 1445 3775 D
1479 3738 1522 3775 2.
1660 3734 1703 3788 z)
1736 3736 1847 3776 deest
1875 3738 1919 3776 D
1954 3739 1994 3779 1.
2114 3733 2161 3787 a)
2195 3739 2350 3789 coepit

111 3798 201 3840 post
227 3796 370 3847 cuppl-
395 3797 438 3836 D
474 3798 526 3847 13
571 3796 625 3835 R.
668 3796 849 3846 accepit
871 3797 914 3836 D
949 3797 999 3847 23
1030 3796 1085 3839 R.
1126 3806 1320 3837 uxorem
1352 3796 1484 3836 duxit
1513 3794 1556 3833 D
1590 3795 1633 3837 3.

1805 4457 1877 4506 4.

2438 1271 2555 1341 ,ςῶ41
2569 1279 2613 1346 ff
2644 1267 2859 1323 mad(

2447 2072 2621 2163 f...
