2984 4917
402 1985 478 2042 ἐν.
497 1991 568 2032 24.

597 381 663 432 16
1055 375 1274 428 PAULI
1315 375 1664 427 HISTORIA
1701 372 2369 427 LANGOBARDOR'UM.

753 548 930 612 'l'unc
972 541 1228 630 placida
1271 544 1520 608 cunctis
1562 543 1699 607 vita
1739 542 2152 628 studiumque
2194 550 2507 607 maneret:

754 630 979 696 Omnia
1021 625 1285 713 sophiae
1329 647 1449 691 cae
1495 626 1605 690 isti
1646 623 1925 690 culmina
1968 646 2184 690 sacrae

754 715 928 798 Rege
971 719 1269 775 monente
1309 711 1419 795 pio
1562 709 1744 792 tchis,
1795 718 2125 795 penetrare
2166 673 2484 774 decenter.

753 794 1030 863 Plurima
1072 804 1396 880 captasses
1440 793 1633 880 digne
1679 815 1828 857 cum
1873 793 1955 857 do
2067 801 2174 858 ata
2217 793 2420 874 cuius,

755 877 1188 964 Resplendens
1231 886 1492 942 cunctos
1538 900 1614 942 su
1663 878 1787 943 eris
1829 886 1902 941 ut
1999 875 2199 941 oebus
2242 876 2325 942 ab
2371 877 2588 942 astris:

750 963 1002 1028 Arctoas
1045 960 1234 1026 rutilo
1280 961 1595 1026 decorasti
1661 961 1877 1026 umine
1964 969 2159 1025 entes.
2270 1009 2277 1018 .

755 1047 926 1112 Etsi⁸
969 1047 1099 1109 iam
1140 1046 1411 1109 nimium
1454 1044 1636 1109 fluidi
1680 1066 1830 1109 cum
1870 1068 1915 1130 g
1940 1046 2075 1108 oria
2124 1042 2317 1108 saecli

753 1129 1096 1216 condignis
1139 1128 1370 1194 ditaret
1415 1150 1612 1193 ovans
1656 1136 1720 1193 te
1764 1127 1981 1193 sedule
2070 1128 2233 1192 azis:

751 1215 937 1280 Lucis
982 1212 1064 1278 ob
1108 1223 1402 1278 aeternae
1444 1215 1644 1276 vitam
1690 1213 1824 1277 sine
1867 1211 1993 1276 fine
2082 1222 2288 1277 eatam

752 1297 1062 1364 Audacter
1104 1296 1398 1382 sprevisti
1438 1296 1631 1360 huius
1671 1296 1941 1361 devotus
1982 1294 2273 1377 honores,

756 1381 947 1467 Regis
991 1390 1055 1445 et
1094 1381 1367 1445 inmensi
1408 1379 1609 1445 fretus
1652 1381 1889 1465 pietate
1932 1378 2248 1464 polorum,

751 1464 1040 1530 vernanti
1082 1464 1208 1528 huc
1254 1463 1513 1528 domino
1558 1486 1674 1549 pro
1724 1464 1914 1528 erasti
2006 1472 2217 1528 ectore
2262 1459 2516 1527 Christo

753 1547 1028 1615 Subdita
1071 1546 1234 1612 colla
1277 1547 1427 1612 dare
1470 1548 1646 1612 Bene
1694 1548 1844 1612 1cti¹²
2015 1555 2197 1646 septa
2238 1543 2443 1626 beati3

752 1631 1073 1731 Exemplis
1114 1651 1270 1696 mex
1313 1641 1525 1710 comta
1564 1632 1732 1696 tuis⁰
1776 1630 1890 1696 ubi
1934 1639 2143 1695 contio
2187 1651 2369 1694 sacra

753 1718 915 1782 'l'um
957 1714 1147 1779 lubar
1187 1725 1260 1779 ut
1299 1713 1551 1813 fulgens
1594 1737 1707 1780 cae
1752 1715 1804 1779 it
1842 1715 2092 1780 radiare
2136 1713 2441 1778 coruscis.

753 1801 823 1865 ln
865 1809 928 1864 te
970 1820 1120 1863 nam
1161 1799 1366 1884 pietas
1409 1799 1662 1884 1ugiter,
1756 1796 1965 1863 ’lectio
2009 1795 2235 1879 dulcis,

755 1886 1092 1949 Nectareus
1135 1893 1198 1947 et
1285 1883 1418 1947 acis
1461 1904 1659 1965 amor,
1702 1882 2013 1968 patientia
2048 1882 2300 1963 victrix,

718 1971 742 2000 *
757 1965 1142 2053 Simplicitas
1185 1988 1254 2030 so
1304 1989 1403 2031 ers
1446 1966 1733 2050 nimium,
1780 1965 2121 2030 concordia
2163 1985 2431 2045 summa,

755 2053 953 2119 Omne
996 2047 1311 2136 simulque
1353 2050 1599 2115 bonum
1642 2072 1911 2136 semper,
1954 2049 2335 2133 venerande,
2376 2045 2703 2112 manebat.

754 2137 926 2201 Nunc
968 2134 1114 2199 ideo
1160 2133 1320 2198 caeli
1361 2144 1423 2198 te
1464 2156 1759 2220 gemmea
1799 2154 1999 2219 regna
2039 2141 2388 2213 retentant;

755 2218 1085 2286 Sideream
1128 2219 1362 2282 retines
1405 2218 1645 2303 pariter
1685 2240 1801 2303 per
1843 2215 2053 2281 saecla
2096 2237 2414 2280 coronam.

753 2375 900 2439 Hoc
942 2373 1080 2456 tibi,
1121 2394 1318 2460 posco
1364 2395 1563 2455 sacer,
1606 2381 1859 2458 gratum
1903 2373 1985 2436 sit
2028 2394 2287 2437 carmen
2328 2371 2603 2453 honoris,

837 2455 1087 2521 Hildric
1131 2479 1211 2521 en
1254 2457 1457 2522 cecini
1502 2456 1677 2542 quod
1718 2454 2111 2521 lacrimando
2154 2466 2323 2522 tuus

759 2540 969 2620 Quem
1010 2541 1301 2626 requiem
1345 2548 1603 2625 captare
1645 2541 1773 2604 tuis
1814 2540 1937 2622 fac,
1983 2562 2201 2627 queSO,
2244 2560 2592 2626 perennem

841 2623 1120 2688 Sacratis
1163 2623 1484 2709 precibus,
1532 2645 1783 2709 semper
1823 2623 2094 2690 amande
2135 2622 2345 2710 pater!

715 2787 993 2864 Saeculo
1011 2800 1084 2862 X.
1101 2821 1250 2863 vero
1256 2800 1460 2883 fama
1465 2797 1828 2882 popularis
1846 2807 1903 2862 et
1914 2797 2543 2881 scriptorisfabulas
2554 2799 2854 2864 vendere
2955 2819 2956 2836 ³

591 2884 823 2968 cupidi
841 2882 1070 2948 levitae
1087 2884 1164 2947 de
1178 2880 1407 2963 Paulo,
1430 2885 1575 2947 viro
1598 2884 1672 2946 in
1689 2881 1892 2946 Italia
1909 2880 2221 2965 inferiori
2243 2879 2664 2962 celeberrimo,
2688 2890 2847 2945 tra-

589 2969 902 3032 diderunt
919 2978 934 3012 ¹
951 3014 970 3047 ,
1018 2989 1184 3052 quae
1228 2989 1271 3031 α
1313 2989 1463 3031 vero
1497 2964 1706 3050 plane
1751 2965 2096 3030 abhorrere
2114 3013 2130 3046 ,
2163 2966 2387 3050 primo
2429 2988 2608 3030 ‘nunc
2640 2977 2853 3048 patet

593 3061 878 3136 aspectu,
903 3072 1071 3134 quae
1091 3061 1304 3115 tamen
1331 3049 1457 3114 alii
1476 3052 1619 3135 ejus
1642 3051 1934 3134 reqionis
1954 3058 2267 3129 auctorest,
2291 3050 2416 3113 Leo
2442 3048 2767 3114 Ostiensis
2787 3060 2849 3131 ²,

591 3229 638 3283 a)
669 3232 734 3271 Ec
764 3233 838 3272 sin
868 3245 902 3273 c.
994 3231 1042 3285 b)
1064 3229 1263 3280 sortasse
1292 3231 1535 3281 leyendum:
1570 3229 1627 3270 ad
1656 3230 1914 3270 Benedicti.
2038 3226 2080 3279 c)
2113 3229 2177 3268 ita
2208 3227 2299 3278 ed.‚·
2328 3229 2504 3269 evanuit
2535 3239 2619 3268 vox
2648 3230 2697 3269 in
2732 3232 2837 3275 cod.

594 3377 650 3447 1)
691 3378 880 3432 Chron.
921 3379 1132 3432 Salem.
1173 3398 1217 3432 c.
1245 3381 1296 3443 9,
1335 3378 1434 3431 SS.
1475 3379 1592 3444 III,
1621 3398 1684 3446 p.
1713 3381 1853 3441 476,·
1892 3381 1981 3431 36.
2022 3381 2112 3443 37,
2145 3397 2203 3446 p.
2232 3379 2357 3431 488.
2546 3378 2607 3447 2)
2645 3379 2696 3444 Ι,
2743 3383 2843 3447 15,

589 3451 691 3505 SS.
729 3451 856 3516 VII,
885 3471 950 3519 p.
976 3453 1100 3504 591.
1176 3451 1361 3515 Addit,
1399 3452 1633 3504 Paulum
1658 3453 1935 3504 Desideria·
1954 3452 2135 3519 fuisse
2160 3453 2445 3516 nom-ium,
2483 3461 2532 3505 et
2568 3453 2635 3505 de
2659 3453 2845 3520 scrip·-

589 3527 657 3576 tt’s
693 3526 803 3593 ejus
841 3526 970 3577 haec
994 3533 1192 3577 monet:
1233 3525 1298 3575 In
1336 3527 1558 3577 historia
1597 3528 1758 3578 etiam
1784 3527 2043 3590 Romana,
2082 3543 2242 3593 quam
2268 3527 2555 3593 Eutropius
2594 3527 2845 3580 breviter

593 3604 978 3664 composuerat,
1019 3598 1258 3650 eiusdem
1283 3597 1625 3666 Adelpergae
1664 3604 1854 3664 rogatu
1891 3600 2120 3666 plurima
2156 3601 2283 3650 hinc
2319 3600 2445 3651 inde
2486 3615 2552 3651 ex
2589 3601 2839 3654 historiis

592 3671 978 3724 ecclesiasticis
1018 3670 1245 3722 addidit.
1318 3671 1402 3722 Ad
1441 3671 1685 3723 ultimum
1722 3687 1848 3724 vero
1878 3672 2010 3724 duos
2048 3672 2261 3724 libellos
2300 3689 2333 3722 a
2357 3679 2597 3740 tempore
2623 3673 2839 3725 Iuliani

590 3750 834 3812 apostate
852 3783 865 3808 ‚
915 3746 971 3794 in
1021 3760 1179 3811 quem
1217 3745 1389 3810 ipsam
1437 3745 1725 3810 hystoriam
1767 3746 2055 3813 Eutropius
2091 3747 2490 3809 terminaverat,
2540 3762 2711 3813 usque
2752 3748 2835 3798 ad

587 3823 828 3885 tempora
876 3819 1032 3885 primi
1069 3818 1354 3868 Iustiniani
1398 3819 1734 3884 imperatoris
1792 3818 1967 3870 eidem
2006 3821 2276 3870 annexuit.
2354 3819 2578 3871 Necnon
2616 3825 2669 3872 et
2706 3823 2833 3872 uni·

588 3907 770 3943 versas
808 3891 920 3942 fere
957 3891 1167 3942 annalis
1207 3892 1440 3956 computi
1477 3890 1834 3942 lectiunculas
1870 3892 2115 3943 rithmice
2156 3894 2564 3959 composuit....
2640 3894 2835 3948 Histo-

589 3966 721 4015 riam
749 3979 960 4030 quoque
997 3965 1174 4030 gentis
1199 3979 1348 4030 suae,
1386 3963 1442 4013 id
1481 3970 1564 4015 est
1587 3964 2078 4030 Langobardorum,
2120 3971 2173 4016 et
2209 3965 2465 4017 nonnulla
2490 3967 2600 4018 alia
2624 3969 2835 4035 scripta

589 4037 825 4103 eleganti
862 4036 985 4088 stilo
1027 4039 1341 4103 composuit.
1416 4036 1565 4088 Inter
1603 4053 1739 4103 quae
1779 4053 1963 4088 versus
2003 4053 2214 4105 quoque
2246 4040 2551 4106 reciprocos
2580 4040 2832 4108 eleg-iaco

589 4115 756 4162 metro
797 4109 1032 4176 digestos
1072 4116 1126 4161 et
1175 4111 1427 4174 hymnum
1482 4110 1550 4161 de
1597 4109 1822 4176 singulis
1871 4111 2017 4162 beati
2055 4111 2341 4163 Benedicti
2376 4113 2653 4165 miraculis
2689 4116 2832 4166 satis

591 4183 789 4235 diserto
829 4199 1070 4236 sermone
1113 4184 1446 4251 conscripsit.
1522 4182 1811 4235 Praeterea
1844 4183 1911 4235 de
1948 4182 2181 4236 camnine
2218 4203 2255 4236 a
2292 4185 2496 4238 Karolo
2532 4185 2639 4252 ipsi
2666 4187 2832 4240 misso

590 4257 767 4324 resen.
844 4255 1035 4308 Petrus
1077 4253 1379 4308 (Ia-cinensis
1415 4256 1546 4308 haec
1582 4255 1659 4307 ita
1698 4256 1868 4318 auxit,
1909 4256 1993 4309 De
2018 4257 2121 4308 vir.
2160 4258 2237 4311 ill.
2268 4255 2383 4312 Oas.
2423 4276 2468 4312 e.
2496 4259 2529 4308 8
2570 4255 2678 4325 (ed.
2708 4259 2827 4312 Fa-

589 4330 782 4382 bn‘cius
809 4347 874 4397 p.
905 4329 1068 4398 107).·
1107 4331 1306 4382 Paulus
1345 4329 1707 4398 Aquileiensis
1745 4331 2057 4396 patriarchii
2095 4331 2353 4385 diaconus
2390 4334 2641 4401 regisque
2668 4334 2834 4390 Desi-

2946 4391 2948 4469 w
