2984 4917
649 364 868 417 PAULI
905 364 1254 417 HISTORIA
1291 364 1960 435 LANGOBARDORUM.
2353 370 2425 420 17

181 534 516 600 Iohannes
575 531 1022 599 Vulturnensis
1040 532 1059 563 ²
1077 579 1097 613 ,
1151 530 1565 597 Romualdus
1622 531 2162 615 Salei-nicanum,
2218 535 2423 601 latius

164 625 689 704 propaqarunt:
736 614 1018 679 Paulum
1058 615 1519 681 consiliarium
1558 615 2045 683 dilectissimum
2090 627 2148 681 et
2172 618 2424 699 fidelis·

177 702 422 765 simum
464 700 641 786 reqis
685 698 1025 765 Desiderii
1068 698 1305 781 fuisse,
1350 721 1475 784 quo
1522 700 1767 765 devicto
1825 700 1925 765 bis
1967 710 2137 766 terve
2179 703 2252 765 in
2282 703 2419 768 Ka-

176 785 312 850 roli
349 807 562 849 necem
604 806 747 849 eum
790 784 1225 867 conspirasse,
1269 782 1415 849 ideo
1463 783 1619 848 aliis
1652 785 1889 871 poenis
1932 784 2305 867 relaxatum
2344 788 2421 851 in

177 868 456 933 eaeilium
493 868 766 932 missum
808 890 974 949 esse,
1019 868 1132 931 sed
1153 866 1346 954 fuya
1389 867 1687 952 elapsum
1727 877 1882 933 tunc
1928 869 2181 935 demum
2211 870 2419 935 Bene·

177 961 441 1022 ventum
485 952 578 1015 ad
619 951 845 1016 ducem
886 949 1185 1017 Arichi-m
1227 952 1497 1034 venisse,
1542 952 1658 1016 hoc
1700 961 1952 1017 mortuo
1995 954 2071 1017 in
2114 952 2188 1021 S.
2216 954 2422 1020 Bene-

176 1036 346 1101 dicti
386 1034 684 1101 coenobio
727 1044 996 1099 sanctae
1036 1033 1377 1121 reliyionis
1421 1035 1651 1101 habitu
1692 1036 1997 1119 indutum
2039 1059 2171 1102 esse
2224 1046 2283 1101 et
2324 1039 2424 1103 ita

175 1142 386 1205 usque
451 1120 540 1185 ad
603 1120 776 1183 vitae
823 1117 1028 1201 finem
1092 1128 1150 1183 et
1210 1118 1581 1184 litterarum
1644 1120 1863 1185 studio
1928 1129 1987 1183 et
2058 1121 2423 1186 humilitate

175 1226 435 1268 necnon
479 1212 537 1267 et
588 1203 1033 1267 taciturnitate
1089 1202 1482 1268 eoecelluisse.
1583 1204 1811 1288 Neque
1868 1206 2108 1285 rectius
2166 1204 2422 1271 Paulus

173 1286 666 1373 Aquileyiensis
701 1286 1005 1351 ecclesiae
1049 1287 1372 1351 diaconus
1401 1288 1711 1367 dicitur⁸,
1754 1288 1868 1353 sed
1912 1289 1985 1352 in
2029 1291 2421 1355 monasterio

180 1370 536 1437 Casinensi
576 1371 751 1436 hunc
783 1372 1080 1455 primum
1122 1370 1378 1437 ordinis
1419 1369 1840 1437 ecclesiastici
1866 1373 2155 1457 9radum
2179 1380 2203 1417 ⁴
2246 1394 2418 1439 asse-

171 1464 368 1519 cutus
420 1476 554 1519 esse
601 1455 950 1538 putandus
1008 1463 1117 1518 est.
1230 1454 1436 1528 Quae.
1469 1476 1620 1519 vero
1679 1456 1758 1520 de
1821 1458 2275 1521 commentario
2341 1459 2443 1531 in,

173 1539 480 1625 regulam
522 1537 595 1603 S.
625 1538 971 1603 Benedicti
1011 1540 1292 1622 scripto-⁴
1337 1548 1396 1601 et
1487 1538 1714 1619 alatiO,
1759 1540 1936 1624 quod
1975 1542 2048 1605 in
2095 1540 2250 1605 urbe
2292 1564 2418 1606 sua

175 1622 450 1687 Arichis
490 1623 630 1686 dua:
673 1630 1146 1703 construxerat,
1191 1644 1234 1685 a
1276 1621 1422 1686 Pau
1454 1645 1488 1687 o
1533 1623 1823 1687 versibus
1852 1633 2085 1689 ornato
2114 1622 2415 1693 Salerni-

173 1716 381 1771 tanus
417 1706 644 1787 tradit,
691 1716 1018 1790 comperta
1062 1705 1294 1781 habere
1328 1708 1567 1791 potuit.

175 1834 317 1883 derii
367 1834 603 1884 notarius
656 1832 754 1883 sub
794 1831 1186 1883 'theodemario
1227 1832 1423 1883 abbate
1462 1831 1533 1882 ad
1574 1832 1828 1884 Casinum
1878 1836 2195 1900 perveniens
2236 1850 2416 1885 mona-

177 1907 482 1972 sticumque
519 1920 704 1957 scema
729 1906 1044 1971 suscipiens,
1082 1906 1385 1968 sanctitate,
1423 1908 1689 1970 gravitate
1715 1922 1811 1959 suo
1848 1913 2088 1974 tempore
2114 1908 2421 1973 singularis,

176 1979 523 2046 philosophia
549 1994 764 2046 quoque
802 1994 836 2027 a
871 1978 1104 2045 pueritia
1129 1978 1385 2030 eruditus.
1461 1978 1777 2046 Composuit
1800 1980 1857 2031 in
1880 1979 2097 2032 laudem
2124 1982 2421 2033 beatissimi

175 2051 468 2105 Benedicti
492 2068 678 2103 versus
718 2050 964 2115 elegiaco
1002 2056 1172 2103 metro
1201 2050 1470 2117 digestos3
1510 2053 1735 2117 hymnos
1762 2069 1973 2121 quoque
2012 2056 2187 2105 sancti
2223 2054 2421 2107 Iohan-

173 2128 262 2177 nis
301 2126 571 2191 baptistae
610 2126 888 2190 sanctique
927 2122 1238 2187 Benedicti,
1275 2140 1461 2175 versus
1501 2125 1569 2175 ad
1610 2125 1861 2177 carolum
1898 2128 2301 2193 imperatorem,
2351 2127 2421 2177 ad

173 2199 393 2250 Arichis
412 2199 846 2249 Beneventanum
877 2198 1192 2264 principem,
1230 2198 1511 2262 sanctique
1532 2198 1812 2249 Fortunati
1840 2200 2080 2266 episcopi
2104 2201 2270 2251 vitam
2311 2198 2420 2251 ele-

172 2276 371 2339 ganter
397 2270 706 2336 descripsit;
734 2270 982 2322 homilias
1011 2285 1224 2335 quoque
1253 2271 1661 2335 quinquaginta,
1688 2273 1863 2322 sancti
1883 2271 2151 2338 pontificis
2174 2272 2421 2338 Gregorii

176 2346 366 2408 vitam,
401 2345 458 2395 in
493 2343 683 2410 regula
719 2345 895 2395 sancti
931 2342 1216 2394 Benedicti
1255 2344 1660 2409 expositionem,
1710 2360 1775 2394 ac
1814 2344 1882 2394 de
1920 2346 2167 2411 ingressu
2203 2345 2419 2411 Lango-

175 2418 464 2469 bardorum
503 2420 556 2467 in
595 2416 828 2480 Italiam,
868 2418 1074 2482 origiue
1113 2431 1387 2482 regnoque
1427 2423 1611 2467 'eorum
1648 2418 1923 2469 historiam
1961 2418 2124 2469 valde
2177 2417 2419 2471 luculen-

175 2499 294 2543 tam
335 2490 522 2542 edidit.
593 2491 660 2540 In
697 2488 920 2541 historia
966 2496 1144 2541 autem
1183 2491 1429 2557 Eutropii
1478 2506 1637 2555 quam
1689 2492 1918 2559 plurima
1955 2492 2214 2544 adiunxit.
2291 2492 2422 2544 Uni·

174 2580 366 2618 versae
413 2565 576 2615 etiam
626 2562 984 2615 lectiunculas
1033 2579 1068 2613 a
1117 2564 1379 2630 principio
1431 2565 1618 2615 mundi
1656 2580 1824 2630 usque
1876 2564 1947 2614 ad
1984 2582 2134 2616 suam
2187 2570 2421 2616 aetatem

177 2653 294 2689 una
331 2653 450 2689 cum
490 2636 671 2687 annali
712 2642 960 2705 computo
1011 2636 1256 2687 rithmice
1309 2638 1621 2703 composuit.
1696 2639 1825 2689 Fuit
1864 2643 2045 2689 autem
2096 2640 2421 2705 temporibus

182 2710 367 2762 Caroli
412 2710 766 2776 imperatoris.
843 2709 1096 2777 Sepultus
1149 2715 1231 2761 est
1284 2710 1342 2759 in
1399 2710 1591 2760 eodem
1651 2712 1875 2763 cenobio
1933 2712 2079 2763 iuxta
2133 2712 2421 2765 ecclesiam

179 2786 358 2837 sancti
404 2782 691 2833 Benedicti
743 2787 867 2834 ante
917 2781 1226 2849 capitulum.
1307 2780 1386 2849 CJ.
1434 2800 1572 2849 quae
1622 2784 1687 2835 de
1744 2783 1824 2835 his
1881 2784 2083 2834 monuit
2118 2784 2423 2837 Bethmann

169 2875 238 2924 Ρ.
267 2856 371 2907 251
413 2873 469 2907 n.
641 2852 698 2921 1)
737 2854 1008 2906 Muratori
1044 2853 1092 2918 I,
1133 2856 1185 2919 2,
1221 2871 1278 2921 Ρ.
1318 2856 1443 2905 326.
1612 2854 1670 2921 2)
1710 2855 1980 2907 Muratori
2026 2856 2155 2920 VII,
2197 2874 2253 2923 Ρ.
2297 2857 2421 2909 144.

187 2930 313 2980 150.
365 2928 460 2985 ,In
495 2944 638 2980 nova
685 2926 790 2979 SS.
857 2928 971 2979 Vol.
1011 2927 1164 2979 XIX.
1217 2928 1444 2980 editione
1495 2927 1703 2981 omissa.
1856 2930 1915 2995 3)
1968 2948 2012 2981 c.
2054 2931 2143 2992 37,
2188 2946 2251 2996 Ρ.
2292 2928 2419 2981 489.

187 3002 345 3065 Quod
392 3000 502 3054 Leo
553 3000 744 3053 omisit.
894 2997 954 3066 4)
995 3000 1202 3053 Paulus
1254 3018 1291 3051 a
1329 3018 1382 3053 se
1418 3002 1535 3067 ipso
1584 3002 1645 3053 in
1680 3001 1899 3053 homilia
1948 3004 2014 3054 de
2051 3018 2095 3053 s.
2134 3002 2422 3055 Benedicto

185 3074 515 3142 (Bethmann
541 3092 602 3141 Ρ.
643 3074 778 3140 302)
820 3082 868 3125 et
907 3091 942 3124 a
993 3074 1198 3126 coaevis
1234 3073 1540 3141 saepissime
1589 3073 1879 3127 ‘diaconus’
1918 3083 2172 3135 vocatur-,-
2212 3074 2424 3139 ‘levita',

181 3148 330 3217 quod
383 3148 524 3199 idem
578 3146 842 3217 siqmflcat
861 3184 876 3210 ,
961 3148 1020 3197 in
1065 3145 1332 3213 epitaphio
1396 3156 1444 3199 et
1504 3148 1563 3199 in
1618 3147 1883 3201 Johannis
1942 3148 2008 3199 G.
2067 3164 2187 3215 epp.
2248 3148 2423 3215 Neap.

185 3220 268 3290 (ff.
306 3220 624 3283 Bethmann,
657 3238 717 3287 Ρ.
757 3220 862 3271 254
899 3238 956 3272 n.
997 3220 1272 3272 ‘diaeonus
1311 3229 1360 3275 et
1386 3219 1755 3288 philosophus’
1804 3219 1959 3272 audit
1994 3222 2053 3271 in
2091 3220 2206 3273 cod.
2249 3219 2424 3273 Oasin.

191 3294 401 3361 (Miyne
410 3312 474 3361 Ρ.
500 3293 686 3361 15⁷4).
799 3293 856 3359 5)
879 3312 922 3346 c.
945 3294 1032 3357 37,
1049 3311 1116 3359 Ρ.
1137 3293 1272 3346 4882
1306 3294 1402 3347 Set
1427 3294 1552 3345 dum
1573 3294 1731 3345 valde
1758 3294 1947 3346 fuisset
1965 3310 2158 3361 nempe
2185 3300 2366 3347 oratus
2395 3312 2426 3344 a

183 3374 337 3437 patre
365 3369 533 3435 ipsius
553 3368 864 3419 monasterii
881 3367 1148 3433 simulque
1173 3367 1373 3435 quippe
1401 3372 1456 3418 et
1480 3384 1515 3417 a
1541 3367 1805 3433 fratribus,
1832 3372 1891 3418 ut
1915 3367 2245 3440 praedictam
2266 3384 2424 3435 regu-

181 3442 312 3505 lam,
341 3440 598 3508 quicquid
620 3440 895 3493 obscurius
917 3441 1156 3491 invenire
1177 3438 1397 3504 ibidem,
1422 3442 1477 3490 in
1511 3440 1693 3507 patulo
1718 3441 1987 3508 proderet,
2012 3436 2129 3508 ipse
2149 3457 2278 3495 vero
2298 3436 2424 3493 obe-

183 3514 396 3566 dienter
433 3512 751 3565 omnimodis
777 3529 836 3565 se
861 3513 995 3565 talia
1030 3514 1278 3565 nimirum
1304 3513 1598 3580 adimplere
1636 3515 1927 3579 respondit,
1968 3521 2129 3582 atque
2167 3514 2427 3583 quicquid

185 3589 466 3642 obscurius
504 3586 707 3638 ibidem
745 3588 1015 3653 repperire
1052 3588 1244 3654 potuit,
1283 3585 1517 3639 mirabili
1565 3587 1825 3638 relatione
1862 3588 1920 3637 in
1955 3588 2139 3655 patulo
2188 3588 2425 3655 protulit,

186 3660 541 3728 codicemque
579 3657 730 3711 illum
768 3660 946 3726 ‘super
980 3658 1239 3726 regulam’
1290 3658 1555 3729 appellari
1604 3661 1896 3728 praecepit.
1974 3660 2200 3727 Scripsit
2249 3668 2427 3714 autem

188 3741 242 3787 et
281 3734 391 3785 alia
427 3731 685 3785 nonnulla
723 3733 982 3801 opuscula
1019 3749 1263 3785 sermone
1301 3733 1593 3786 luculento.
1672 3732 1752 3801 (ff.
1790 3734 1891 3785 hac
1928 3733 1994 3785 de
2030 3749 2088 3784 re
2125 3733 2428 3785 Bethmann

177 3825 241 3873 Ρ.
285 3807 413 3857 299.
501 3803 676 3858 Codex
721 3803 1001 3859 Bobiensis
1050 3822 1093 3857 s.
1155 3805 1224 3858 X.
1277 3814 1458 3873 aperte
1508 3806 1659 3857 dicit:
1709 3807 1909 3873 Incipit
1960 3808 2221 3874 expositio
2271 3807 2428 3859 Pauli

189 3880 408 3932 diaconi
445 3896 605 3947 super
655 3880 897 3945 regulam
949 3880 1122 3931 sancti
1161 3879 1447 3931 Benedicti
1497 3881 1724 3931 abbatis.
1804 3878 1904 3930 Oui
1923 3880 2091 3947 fidem
2128 3880 2428 3931 habendam

188 3952 303 4007 esse
325 3960 486 4019 puto.
524 3980 597 3991 -
635 3948 776 4005 Tbid.
821 3969 886 4017 Ρ.
925 3952 1065 4003 489:
1113 3954 1288 4020 ipsum
1326 3952 1605 4020 palatium,
1652 3952 1794 4021 quod
1833 3955 2111 4020 princeps.
2133 3989 2145 4003 .
2169 3990 2182 4003 .
2213 3953 2426 4005 Aricbis

188 4028 379 4079 struxit
404 4028 461 4077 in
497 4032 792 4079 memorata
829 4024 1168 4077 Salernitana
1193 4027 1340 4091 urbe,
1380 4026 1619 4093 undique
1645 4028 1819 4095 ipsum
1846 4028 2086 4079 versibus
2124 4026 2428 4078 illustravit.

193 4100 288 4153 Set
325 4100 456 4166 quia
500 4100 714 4151 fuerunt
763 4100 1086 4166 sequestrati
1125 4106 1178 4151 et
1226 4105 1441 4169 propter
1487 4103 1647 4166 longo
1700 4106 1940 4169 tempore
1991 4105 2113 4153 sunt
2157 4101 2428 4163 vetustati,

190 4188 472 4225 numerare
509 4172 798 4239 legereque
837 4172 960 4224 illos
999 4174 1353 4238 nequivimus.
1428 4170 1567 4225 Nam
1618 4175 1665 4225 si
1716 4174 1771 4224 in
1821 4190 1929 4227 una
1978 4175 2175 4242 quippe
2226 4174 2429 4239 pagina

189 4246 416 4299 fuissent
465 4245 618 4310 nexi,
678 4261 988 4313 comparare
1040 4246 1162 4299 illos
1209 4247 1448 4314 profecto
1498 4248 1851 4314 potuissemus
1898 4248 2109 4299 Maroni
2157 4242 2429 4297 <volumina

189 4319 434 4370 nimirum
477 4318 777 4385 catonique
827 4321 941 4371 sive
981 4320 1219 4385 profecto
1273 4320 1339 4371 de
1394 4320 1515 4373 aliis
1566 4320 1836 4387 sophistis.
1915 4318 2061 4369 Num
2112 4318 2333 4370 ‘Versus
2371 4315 2430 4367 in

1867 4401 1899 4449 2
