2984 4917
481 404 553 455 28
946 402 1168 453 PAULI
1207 399 1555 453 HISTORIA
1592 398 2265 454 LANGOBARDORUM.

487 570 698 638 Catal.
743 570 883 638 cod.
928 570 1130 635 Bern'.
1164 592 1241 653 p.
1291 567 1467 647 101).
1547 565 1760 641 Quam
1852 572 2101 633 rooeime
2145 569 2236 632 ad
2278 569 2343 631 Β
2376 569 2408 632 1
2458 572 2727 653 accedit,

483 659 582 721 ita
623 665 840 719 tamen
882 664 954 718 ut
997 652 1217 717 scriba
1245 651 1477 715 ultima
1518 648 1677 715 libri
1714 650 1770 715 V
1798 698 1813 714 .
1846 655 2070 737 capita
2115 674 2195 717 eoe
2239 654 2458 717 codice
2491 654 2725 719 classis

484 740 553 803 D
597 740 946 825 suppleret.
1007 736 1236 821 Neque
1263 734 1519 798 indices
1558 735 1747 800 libris
1836 738 2318 817 raemittuntur,
2362 758 2567 823 neque
2594 740 2727 802 sin-

483 824 660 910 gulis
725 821 1051 907 capitibus
1117 828 1509 905 arqumenta
1563 818 1791 884 adseri
1830 829 2037 885 untur
2103 820 2191 902 (I,
2246 820 2349 884 23.
2409 827 2727 907 excepto),

485 908 788 993 quamvis
833 905 924 969 ad
966 904 1248 968 medium
1291 912 1600 987 quartum
1642 899 1879 969 librum
1924 925 2129 987 usque
2178 907 2469 989 spatium
2510 908 2599 970 iis
2645 908 2732 970 sit

483 991 797 1056 relictum.
906 988 1008 1051 De
1071 987 1408 1051 verborum
1474 985 1693 1051 indole
1751 989 2124 1051 Bethmann
2178 1012 2414 1073 pauca
2477 999 2733 1055 tantum

484 1074 816 1140 enotanda
873 1072 1101 1150 duccit,
1159 1070 1394 1154 quibus
1448 1068 1511 1133 V.
1562 1069 1653 1137 Ol.
1696 1071 1777 1134 A.
1822 1071 2017 1137 Stern
2062 1094 2277 1157 nuper
2318 1096 2489 1158 quae
2532 1073 2613 1138 ab
2659 1096 2730 1139 eo

474 1159 802 1245 petieram
845 1155 1136 1219 benevole
1181 1154 1441 1239 adjecit.

655 1239 795 1326 (24)
826 1240 974 1303 B4.
1003 1251 1016 1285 ¹
1087 1238 1198 1301 Ρα
1224 1239 1613 1302 risiensis
1642 1237 1770 1303 Nr.
1807 1237 2009 1303 17568
2040 1238 2277 1323 (Notre
2306 1240 2517 1305 Dame
2553 1239 2732 1322 127),

486 1324 742 1389 membr.
770 1323 903 1408 fol.
948 1346 997 1386 s.
1043 1322 1230 1385 XIII.
1275 1324 1368 1385 in.
1415 1344 1557 1386 una
1599 1344 1806 1386 manu
1850 1332 2167 1386 exaratus
2183 1334 2206 1367 ²
2218 1371 2237 1404 ,
2286 1326 2596 1408 prooeime
2644 1326 2735 1390 ad

485 1408 552 1473 B
598 1408 630 1470 1
678 1417 737 1472 et
777 1408 820 1471 3
863 1406 1111 1471 accedit
1154 1412 1335 1489 (cum
1375 1404 1487 1469 illo
1539 1406 1615 1468 in
1660 1409 2064 1491 argumentis
2105 1406 2263 1470 libri
2302 1408 2357 1469 I.
2401 1446 2487 1456 —
2528 1432 2582 1471 c.
2633 1408 2733 1472 17.

485 1493 816 1639 convivii&
859 1488 948 1555 N.
980 1489 1180 1554 Arcb.
1219 1488 1262 1551 l.
1293 1486 1377 1570 l.,·
1422 1490 1624 1573 hujus
1670 1490 2075 1575 sinqularem
2113 1490 2215 1571 VI,
2258 1491 2361 1555 58.
2405 1491 2738 1556 lectionem

535 1598 654 1640 rae
693 1579 805 1655 et).

475 1600 530 1662 P
663 1659 821 1726 Cum
884 1658 1215 1723 codicibus
1269 1656 1503 1720 classis
1551 1655 1613 1719 A
1672 1658 1920 1721 arctius
1978 1660 2314 1743 conjuncti
2368 1668 2520 1722 sunt
2615 1682 2741 1724 uos

484 1744 947 1829 inscripsimus
995 1740 1052 1807 O
1085 1750 1142 1804 et
1185 1741 1287 1821 D,
1344 1762 1622 1825 quorum
1680 1742 1898 1826 major
1941 1763 2115 1825 pars
2156 1744 2309 1828 jam
2373 1743 2469 1806 cis
2610 1766 2739 1827 pes

489 1836 887 1907 asservatur,
930 1827 1149 1910 ibique
1193 1826 1446 1907 scripta
1489 1824 1768 1888 videtur.

660 1910 771 1997 (25
850 1908 1031 1975 C*1.
1125 1907 1881 1974 Cheltenhamensis
1942 1906 2389 1991 (bibliothecae
2448 1932 2492 1973 a
2552 1910 2608 1973 b.
2652 1934 2739 1975 m.

490 1995 710 2059 leom.
853 1993 956 2057 illi
1052 2015 1083 2056 s
1113 1990 1412 2073 relictae)
1443 1992 1569 2055 Nr.
1608 1990 1788 2073 1887,
1835 1990 1983 2055 olim
2006 1988 2078 2055 S.
2126 1992 2448 2058 Vincentii
2491 1995 2737 2058 Meten-

489 2082 617 2158 sis,
670 2087 808 2141 tum
875 2077 958 2142 Co
985 2017 1048 2141 lp
1089 2075 1586 2141 Claromontani
1643 2076 1768 2139 Nr.
1826 2073 1982 2156 683,
2026 2085 2261 2159 postea
2317 2078 2737 2143 Meermanni

284 2171 363 2225 ⁸1³-
398 2162 653 2226 82·*Nr.
686 2162 827 2233 796,
873 2160 1127 2224 membr.
1172 2183 1223 2223 s.
1254 2160 1368 2223 IX.
1412 2181 1513 2222 esc.
1556 2159 1653 2223 vel
1692 2158 1770 2239 X,
1816 2158 2021 2223 solum
2061 2159 2347 2223 Paulum
2390 2164 2674 2225 continet
2690 2172 2737 2227 ⁸.

485 2245 761 2312 Initium
809 2248 1017 2330 primi
1063 2245 1222 2308 libri
1274 2244 1601 2328 (capitum
1654 2243 1858 2306 indeoe
1911 2252 1970 2307 et
2075 2266 2187 2307 ars
2232 2266 2309 2307 ca
2364 2290 2380 2307 .
2431 2245 2486 2307 1.
2530 2284 2617 2293 ——
2660 2268 2741 2309 ea

485 2328 629 2393 loco
674 2327 1122 2415 occupassent)
1171 2337 1362 2413 atque
1419 2328 1635 2391 ultimi
1673 2325 1845 2408 finis
1892 2266 2081 2409 (inde
2127 2349 2170 2389 a
2230 2326 2289 2390 V
2312 2376 2331 2407 ,
2375 2327 2477 2391 24.
2520 2349 2736 2393 rever-

487 2413 675 2497 tenti)
729 2413 1234 2492 interciderunt,·
1313 2412 1426 2475 sed
1487 2420 1715 2495 postea
1773 2419 2059 2494 quatuor
2113 2410 2300 2495 folia
2354 2415 2741 2495 praemissa

489 2506 644 2561 sunt
685 2519 890 2561 manu
933 2520 982 2559 s.
1010 2495 1198 2559 XIII.
1228 2497 1502 2579 scripta,
1535 2517 1702 2579 quae
1740 2496 2025 2559 indicem
2052 2496 2267 2580 primi
2292 2496 2450 2559 libri
2478 2519 2625 2561 cum
2657 2499 2741 2562 12

477 2582 744 2667 primis·
767 2602 846 2643 ca
895 2580 1094 2645 itibus
1136 2581 1482 2643 continent.
1565 2578 1832 2643 Variam
1861 2578 2189 2643 lectionem
2234 2603 2277 2643 a
2318 2580 2740 2647 Bethmanno

490 2688 604 2729 sae
653 2666 759 2728 ius
853 2673 1084 2727 rustra
1169 2664 1492 2726 uaesitam
1536 2662 1653 2725 boc
1698 2684 1879 2725 anno
1933 2661 1995 2726 V.
2046 2662 2139 2729 ΟΖ.
2184 2662 2388 2727 Pauli
2430 2668 2739 2734 enotavit.

493 2686 708 2814 Codzoe
752 2750 1048 2832 quamvis
1091 2771 1133 2811 a
1225 2747 1647 2832 archetypum
1675 2747 1966 2810 recedere
1994 2748 2262 2834 ejusque
2292 2749 2366 2811 in
2396 2748 2739 2813 verborum

468 2832 720 2917 formis
777 2833 1055 2916 vestigia
1113 2852 1373 2895 servare
1429 2831 1753 2911 videatur,
1812 2828 2035 2896 multis
2090 2840 2306 2896 tamen
2351 2832 2605 2897 mendis
2647 2844 2744 2899 est

487 2916 874 2980 maculatus.
943 2914 1182 2988 Quam
1213 2915 1521 2998 prou-ime
1567 2914 1658 2978 ad
1699 2914 1874 2979 bunc
1919 2915 2196 2979 accedit·

661 2997 800 3089 (26)
853 2998 1002 3064 01.
1089 2999 1557 3083 Lipsiensis
1620 2998 1767 3062 bibl.
1826 3000 2111 3064 civitatis
2167 2999 2233 3079 I,
2288 3000 2404 3080 60,
2476 3000 2735 3063 membr.

486 3083 558 3165 4,
614 3106 664 3147 s.
719 3084 976 3164 IX-X,
1031 3104 1164 3147 uno
1221 3082 1474 3146 calamo
1518 3082 1724 3146 nitide
1766 3084 2053 3166 scriptus
2064 3106 2089 3165 ;
2147 3082 2399 3148 litterae
2459 3093 2737 3148 ornatae

486 3166 710 3233 nullae
720 3190 745 3249 ,·
792 3189 1017 3231 vocum
1060 3168 1299 3232 divisio
1328 3189 1589 3230 manca.
1660 3166 1882 3230 Primo
1954 3170 2341 3231 uaternione
2371 3166 2735 3251 deperditO,

486 3254 729 3337 incipit
758 3251 812 3333 I,
839 3251 939 3315 24.
988 3250 1292 3341 (suspiria
1320 3271 1436 3313 sua
1463 3249 1837 3335 continere).
1938 3252 2128 3334 apita
2166 3250 2267 3330 VI,
2300 3250 2401 3319 52.
2435 3260 2492 3314 et
2518 3249 2623 3315 53.
2652 3254 2733 3317 in

487 3334 660 3400 calce
689 3335 844 3399 libri
871 3336 1180 3419 suppleta
1209 3344 1379 3398 sunt.
1434 3333 1789 3398 Librarius
1820 3335 2119 3419 quisquis
2144 3333 2367 3419 fuerit
2398 3356 2573 3399 exem
2623 3333 2739 3399 lar

487 3420 663 3503 quod
719 3428 972 3485 secutus
1016 3428 1106 3482 est
1159 3419 1324 3481 satis
1351 3416 1642 3500 fideliter
1688 3418 2113 3502 descripsisse
2154 3418 2433 3499 videtur,
2478 3441 2543 3482 se
2632 3420 2736 3483 ita

485 3512 560 3566 ut
600 3525 951 3567 sermonem
995 3502 1307 3565 Latinum
1347 3524 1603 3586 parum
1646 3510 1927 3581 curaret,
1972 3502 2209 3565 nedum
2254 3504 2544 3567 auctoris
2585 3524 2735 3566 sen-

488 3608 633 3650 sum
679 3595 1146 3671 assequeretur.
1239 3585 1390 3659 Qua
1434 3585 1511 3649 de
1549 3607 1619 3648 re
1662 3583 1747 3668 cf.
1828 3606 1954 3648 uae
1984 3585 2183 3649 Arch.
2230 3585 2369 3666 VII,
2452 3632 2467 3648 .
2498 3582 2642 3649 317.
2674 3597 2735 3650 et

487 3670 578 3734 N.
621 3669 823 3734 Arch.
853 3670 907 3750 I,
940 3693 1020 3755 p.
1060 3668 1206 3733 544.
1253 3669 1462 3733 allata
1506 3676 1677 3732 sunt.
1756 3608 2050 3733 cgodicem
2081 3671 2349 3755 primus
2459 3670 2731 3750 oehmer,

475 3763 714 3840 postea
755 3754 1129 3818 Betbmann
1174 3777 1320 3818 cum
1362 3753 1557 3818 editis
1599 3751 2008 3816 contulerunt
2019 3776 2046 3833 ,·
2093 3753 2371 3838 denique
2418 3776 2461 3817 a
2504 3752 2731 3818 biblio-

490 3914 547 3981 1)
587 3915 659 3967 N.
698 3915 859 3968 Arch.
897 3915 945 3980 I,
974 3933 1038 3982 p.
1079 3916 1204 3967 543.
1245 3916 1369 3966 544.
1411 3914 1464 3965 Β
1504 3918 1533 3965 1
1551 3931 1584 3965 a
1608 3913 1912 3981 inscriptus.
2062 3912 2121 3981 2)
2160 3913 2361 3966 Eodem
2398 3914 2732 3967 continentur

485 3987 648 4039 Pauli
683 3988 828 4043 Eiet.
867 3988 1130 4053 Romana,
1173 3988 1336 4040 Gesta
1359 3986 1646 4054 Apollonii,
1690 3987 1933 4056 Gregorii
1977 3986 2104 4039 Tur.
2157 3986 2306 4040 Vitae
2334 3997 2575 4054 patrum,
2614 3987 2729 4039 Ex-

485 4071 665 4128 cerpta
690 4060 985 4125 Paschmii,
1007 4060 1372 4128 Hieronymus
1409 4061 1474 4112 de
1495 4060 1817 4129 virginitate,
1856 4058 2023 4111 Alani
2048 4058 2466 4125 poenitentialis.
2578 4058 2640 4128 3)
2656 4060 2730 4113 In

485 4144 587 4187 cat.
633 4134 886 4187 librorum
923 4136 1038 4187 coll.
1081 4132 1484 4186 Olaromontani
1534 4132 1709 4185 minus
1748 4142 1884 4185 recte
1919 4131 1997 4184 ita
2036 4130 2379 4185 describitur:
2433 4131 2613 4186 ‘Pauli
2652 4134 2727 4185 D.

486 4208 612 4260 libri
648 4225 741 4260 sex
779 4226 898 4260 cum
925 4207 1270 4275 praefatione
1306 4205 1530 4259 inedita.
1606 4206 1678 4257 In
1732 4204 1904 4272 eapite
1942 4214 1989 4257 et
2025 4204 2085 4257 in
2107 4207 2221 4273 fine
2272 4206 2462 4259 codicis
2500 4207 2728 4259 habetur

484 4281 715 4349 officium
751 4290 1066 4334 nocturnum
1103 4280 1425 4347 epiphaniae
1462 4296 1581 4331 cum
1616 4277 1753 4332 notis
1802 4276 2049 4331 musicis’.
2088 4280 2357 4332 BETHM.
2518 4279 2579 4347 4)
2618 4279 2730 4332 La·

485 4372 678 4406 cunam
710 4352 828 4419 III,
861 4357 949 4417 34,
991 4371 1150 4419 quam
1179 4352 1260 4405 Ο*
1285 4356 1334 4416 1,
1374 4371 1480 4405 non
1506 4370 1629 4405 vero
1659 4352 1704 4404 Ο
1726 4355 1774 4416 1,
1814 4351 1983 4416 habet,
2004 4350 2233 4419 proprio
2263 4354 2440 4405 Marte
2481 4350 2727 4421 explevit.
