2984 4917
385 420 602 472 PAULI
640 418 990 472 HISTORIA
1028 417 1704 471 LANGOBARDORUM.
1780 419 1925 469 LIB.
1963 420 2029 469 V.
2242 419 2347 469 207

133 588 642 672 perstrepentibus
670 586 940 668 bucinis,
973 594 1036 649 et
1064 594 1288 649 neutra
1362 595 1497 650 arte
1525 584 1737 650 locum
1771 586 1961 650 dante
1974 596 2018 668 ¹¹,
2063 587 2351 649 maxima

136 669 483 755 populorum
548 671 720 735 facta
782 679 879 733 est
944 679 1206 754 strages.
1367 668 1624 733 *andem
1704 668 1977 733 crudelis
2044 681 2352 755 tyrannus

137 752 332 817 Alahis
382 756 636 836 interiit,
697 763 759 818 et
811 752 1222 839 Cunincpert,
1283 753 1627 818 adiuvante
1688 776 1755 817 se
1776 754 1800 795 ὓ
1858 754 2163 835 DominO,
2222 754 2353 818 vic-

137 840 338 901 toriam
380 840 566 923 cepit.
653 837 996 902 Exercitus
1040 858 1296 922 quoque
1339 835 1582 918 Alahis,
1628 847 1932 923 conperta
1962 840 2098 902 eius
2129 846 2352 919 morte,
2394 862 2405 871 ·

139 920 196 983 fu
237 943 306 984 ae
349 921 699 985 subsidium
743 921 1032 1006 arripuit.
1117 921 1176 983 E
1209 921 1454 1019 ,quibus
1501 933 1734 1006 quem⁰
1777 944 1999 985 mucro
2045 944 2175 985 non
2208 944 2353 1006 per-

139 943 286 1087 culit,
334 1005 568 1069 Addua
585 1006 614 1047 ‘¹
689 1004 921 1069 fluvius
980 1005 1316 1068 interemlt.
1409 1003 1623 1091 Caput
1725 1028 1935 1091 uoque
1979 1004 2202 1069 Alahis
2247 1004 2353 1069 de-

136 1097 466 1154 truncatum
509 1110 823 1174 cruraque
867 1089 1044 1153 eius*
1103 1089 1354 1151 succisa
1398 1098 1563 1171 sunt,
1618 1089 1686 1151 in
1714 1102 2053 1175 ormeque⁸
2106 1098 2354 1153 tantum

136 1181 528 1260 tmmcumque
574 1172 853 1237 cadaver
894 1173 1216 1236 remansit.
1289 1171 1366 1234 In
1395 1171 1517 1237 hoc
1560 1171 1727 1237 bello
1746 1173 1767 1215 f
1819 1173 2383 1247 Foroiulanorum.

138 1257 423 1321 exercitus
490 1258 753 1321 minime
808 1255 962 1337 fuit,
1073 1257 1214 1337 uia,
1283 1277 1430 1319 cum
1487 1258 1723 1320 invitus
1782 1256 2007 1321 Alahis
2065 1259 2353 1338 iurasset,
2370 1248 2392 1267 ⁴

134 1350 365 1425 propter
424 1341 547 1405 hoc
608 1362 728 1405 nec
747 1352 776 1394 8
838 1341 979 1424 regi
1099 1342 1472 1426 unincperto
1538 1362 1657 1404 nec
1714 1340 1937 1405 Alahis
2002 1340 2357 1405 auxiliumh

135 1421 288 1506 tulit,
357 1427 471 1489 sed
529 1446 676 1488 cum
732 1422 824 1487 illi
879 1422 1116 1489 bellum
1175 1424 1668 1505 commisissent,
1739 1425 1861 1510 ipsi
1918 1424 2002 1489 ad
2060 1426 2357 1511 propriai

136 1517 264 1571 sunt
300 1510 553 1573 reversi.
639 1509 850 1593 Igitur
891 1506 1115 1571 Alahis
1159 1506 1280 1571 hoc
1325 1508 1517 1572 modo
1563 1508 1877 1591 defuncto,
1921 1532 2039 1573 rex
2084 1508 2360 1573 Cuninc-

135 1600 258 1674 pert
297 1614 527 1678 corpus
561 1592 800 1657 Senoni
819 1594 850 1633 ¹⁵
897 1591 1154 1655 diaconi
1184 1600 1330 1655 ante
1359 1592 1564 1656 fores¹
1594 1591 1893 1658 basilicae
1931 1592 2106 1657 beati
2132 1592 2361 1661 Iohan-

135 1675 236 1756 nis,
277 1690 524 1761 quamm
568 1678 707 1761 ipse
751 1684 1057 1756 rexerat,¹¹
1099 1675 1367 1740 mirifice
1411 1676 1719 1762 sepelire⁰
1765 1677 2122 1759 mandavit3
2174 1678 2359 1762 ipsev

133 1781 264 1824 vero
290 1770 624 1845 regnator‘l
657 1782 803 1823 cum
836 1760 1122 1823 omnium
1138 1771 1161 1800 Γ
1191 1758 1583 1824 exultatione
1614 1771 1677 1826 et
1703 1761 2025 1847 triumpho
2055 1762 2361 1826 victoriae

132 1841 409 1907 Ticinum
452 1866 744 1909 reversus
789 1853 901 1908 est.

541 1946 1031 2023 EXPLICIT
1082 1948 1392 2023 LIBER
1447 1948 1904 2039 QUINTUS

430 2182 928 2247 INCIPIUNTs
975 2160 1423 2248 CAPITULA
1463 2184 1705 2248 LIBRI
1752 2182 2040 2248 SEXTI.

169 2284 218 2345 1.
301 2285 641 2366 Quomodo
671 2284 1024 2350 Romualdt
1068 2286 1418 2349 Tarentum
1463 2287 1654 2371 cepit,
1700 2295 1763 2349 et
1806 2284 2125 2371 quomodo
2157 2285 2364 2349 Theu-

299 2368 564 2434 deratau
609 2370 1066 2434 monasterium
1113 2370 1317 2434 sancti
1358 2370 1535 2433 Petri
1578 2369 1959 2435 aedificavit.
2120 2392 2125 2398 ·

166 2449 219 2513 2.
299 2453 400 2518 De
451 2462 658 2519 morte
701 2451 1059 2536 Romualdi,
1120 2463 1226 2518 etv
1287 2453 1608 2539 quomodo
1668 2475 1899 2540 corpus
1952 2453 2120 2519 beati
2162 2454 2366 2518 Bene-

301 2536 462 2603 dicti
505 2538 588 2601 ad.
634 2536 878 2602 Gallias
921 2536 1201 2601 delatum
1248 2546 1362 2601 est.

132 2618 222 2682 *3.
297 2620 401 2685 De
444 2620 782 2685 Rodoaldw
812 2620 975 2687 duce
1003 2621 1388 2686 Foroiulano
1406 2635 1455 2705 ¹,
1487 2630 1550 2687 et
1579 2622 1658 2686 de
1688 2620 1938 2686 Ansfrit
1952 2634 2004 2704 Y,
2051 2622 2161 2708 qui
2190 2622 2324 2687 eius
2343 2633 2367 2663 ²
2388 2640 2463 2693 ’μ
2498 2642 2601 2684 162.

306 2704 611 2771 ducatum
655 2706 908 2770 invasit.

166 2785 218 2849 4.
300 2788 404 2852 De
451 2789 678 2853 sinodo
724 2811 889 2887 quae
933 2799 1088 2887 aput
1118 2787 1740 2874 Constantinopolim
1784 2788 1954 2853 facta
1984 2799 2097 2871 est,
2144 2798 2244 2854 et¹¹
2289 2788 2369 2854 de

303 2894 337 2935 e
385 2872 576 2937 istola
602 2872 908 2937 Damlani
951 2874 1260 2958 episcopi.

167 2954 223 3015 5.
374 2978 410 3021 e
456 2955 682 3042 eclipsi
724 2955 912 3021 lunae
958 2968 1022 3022 et
1065 2955 1235 3040 solis,
1280 2965 1344 3021 et
1386 2956 1465 3019 de
1507 2955 1868 3041 pestilentia
1913 2978 2075 3041 quae
2119 2955 2364 3020 Romae

307 3050 370 3106 et
412 3040 626 3104 Ticini
642 3043 670 3084 ¹>
713 3041 881 3104 facta
925 3050 1040 3105 est.

217 3198 262 3267 ⁸)
300 3203 343 3253 L
374 3206 400 3253 1
447 3203 630 3255 addit:
669 3204 726 3254 id
767 3209 850 3256 est
887 3204 1132 3269 gambas.

130 3343 170 3395 a)
201 3348 400 3390 donante
433 3351 486 3391 F.
523 3348 575 3392 G.
725 3347 773 3401 b)
806 3350 916 3388 deest
949 3348 999 3390 Ο.
1034 3348 1090 3391 D.
1121 3350 1174 3389 Ε.
1208 3349 1247 3387 L
1282 3350 1321 3388 1.
1463 3344 1508 3398 c)
1540 3348 1650 3387 deest
1694 3348 1732 3387 B
1768 3348 1808 3389 1.
1961 3343 2007 3397 d)
2039 3345 2227 3387 Adduaa
2257 3346 2299 3385 A
2332 3347 2371 3388 2.

130 3404 167 3441 D
197 3408 247 3456 23
275 3406 414 3448 Adda
447 3408 490 3450 G
524 3409 564 3449 1.
600 3408 642 3449 2.
677 3408 747 3460 Sa,
780 3419 800 3447 c
830 3419 945 3447 corr.
978 3408 1016 3446 1³¹
1049 3410 1099 3457 15
1132 3407 1236 3447 Ada
1269 3406 1371 3449 (34.
1493 3404 1538 3458 e)
1572 3408 1865 3455 informaque
1895 3405 1938 3444 A
1970 3407 2009 3447 1.
2042 3407 2085 3449 2.
2118 3405 2153 3446 Ο
2188 3407 2228 3446 1.
2262 3405 2305 3444 D
2329 3406 2370 3446 1.

129 3462 162 3501 F
193 3466 229 3505 1.
279 3466 321 3507 G
354 3470 396 3509 1.
434 3470 476 3521 2,
524 3468 640 3517 quod
668 3467 716 3505 in
747 3467 972 3517 archetypo
1009 3466 1156 3515 fuisse
1201 3467 1383 3507 videtur.
1554 3466 1591 3510 f)
1618 3471 1720 3515 poet
1749 3465 1892 3515 suppl.
1929 3464 1971 3505 G
2004 3467 2044 3505 1.
2197 3461 2244 3514 g)
2277 3473 2373 3504 non

131 3522 166 3561 G
198 3526 234 3567 1.
273 3528 313 3565 2.
349 3529 425 3570 aa.
573 3524 621 3577 h)
653 3525 832 3565 ausIum
866 3525 908 3566 G
941 3528 980 3577 1,
1027 3537 1139 3565 corr.
1179 3525 1459 3565 adiutorium
1491 3524 1534 3565 G
1566 3526 1606 3566 2.
1760 3521 1794 3575 i)
1829 3524 2066 3574 propriam
2098 3523 2133 3565 Ο
2165 3519 2236 3573 ‘13
2267 3534 2372 3574 pro·

129 3583 246 3629 prias
275 3585 312 3624 F
347 3588 391 3626 1.
545 3582 594 3636 k)
627 3582 836 3625 Sermoni
867 3584 910 3624 A
943 3586 983 3626 1.
1016 3584 1054 3623 F
1088 3587 1139 3635 13
1171 3582 1349 3625 Senon!
1380 3594 1497 3626 corr.
1530 3582 1732 3624 Senonis
1768 3583 1810 3624 G
1843 3584 1894 3632 23
1927 3582 2099 3623 Seneni
2133 3582 2172 3623 G
2203 3584 2259 3633 43
2290 3582 2371 3623 Se·

129 3643 254 3683 nonis
284 3644 326 3685 A
359 3645 405 3685 3.
440 3644 483 3683 D
520 3646 592 3687 la.
627 3643 667 3684 3.
704 3643 746 3684 G
776 3644 848 3695 Sa,
879 3643 971 3683 alii.
1124 3641 1159 3694 l)
1192 3643 1316 3683 foras
1350 3642 1384 3683 Ο
1417 3639 1479 3684 ⁸1.
1517 3644 1555 3682 1.
1710 3640 1774 3695 m)
1808 3653 1900 3691 qua
1933 3642 1975 3683 G
2009 3645 2061 3691 13
2108 3643 2219 3692 quia
2253 3641 2294 3682 G
2329 3643 2371 3681 2.

128 3698 172 3750 n)
203 3707 387 3743 rexerat
416 3714 535 3744 corr.
567 3707 781 3743 erexerat
813 3704 849 3743 Α
886 3704 926 3753 1,
958 3707 995 3742 et
1027 3702 1088 3742 ita
1122 3702 1158 3743 Ο
1193 3704 1232 3741 1.
1263 3702 1322 3743 D.
1353 3703 1391 3742 Ε
1426 3704 1467 3742 1.
1499 3702 1537 3740 1³¹
1566 3701 1610 3743 4.
1750 3699 1795 3752 o)
1827 3702 1891 3741 ita
1921 3700 1962 3740 A
1997 3704 2037 3742 1.
2070 3702 2107 3740 F
2144 3703 2193 3751 13
2224 3700 2375 3750 sepel-

129 3758 201 3797 liri
231 3763 293 3800 vel
323 3762 524 3812 sepeliri
554 3762 692 3801 ceteri.
829 3759 880 3813 p)
914 3763 1013 3812 ipse
1050 3784 1101 3792 —
1135 3765 1204 3801 est
1235 3761 1320 3801 des,
1355 3760 1389 3801 Ο
1423 3762 1463 3803 2.
1602 3758 1650 3811 q)
1683 3770 1882 3810 regnans
1914 3759 1955 3799 A
1988 3760 2029 3812 3,
2063 3771 2083 3799 e
2114 3771 2227 3800 corr.
2262 3760 2299 3798 F
2331 3762 2373 3806 1,

128 3816 196 3855 ubi
229 3824 464 3869 'regnator
496 3820 642 3870 fuisse
672 3820 840 3860 videtur
871 3826 909 3859 ec
933 3826 1087 3871 postea
1133 3820 1373 3860 restitutum
1406 3824 1488 3868 est3
1534 3824 1806 3868 regnaturus
1837 3819 1875 3858 B
1909 3819 1951 3859 8.
2090 3816 2131 3870 r)
2165 3818 2292 3858 omni
2324 3818 2373 3858 Ο.

127 3876 180 3915 D.
211 3878 264 3917 E.
295 3880 332 3918 P
366 3879 503 3921 1—4.
535 3878 590 3919 G.
625 3878 662 3920 1.
814 3877 854 3931 s)
887 3881 1066 3919 indicem
1100 3881 1300 3919 omittunt
1345 3878 1385 3917 A
1417 3874 1480 3917 *2.
1529 3878 1567 3917 B
1602 3879 1643 3920 2.
1675 3878 1713 3917 Ε
1746 3879 1788 3921 4.
1820 3878 1858 3917 F
1892 3878 1933 3921 1.
1964 3877 2007 3920 5.
2039 3877 2081 3918 G
2112 3877 2194 3928 5b;
2242 3877 2377 3916 alium

129 3934 242 3975 habet
282 3938 321 3977 F
355 3939 415 3990 2,
479 3938 544 3977 ita
589 3937 826 3987 incipiens:
888 3939 960 3977 De
1005 3939 1262 3978 Romoaldo
1308 3938 1745 3977 Beneventanorum
1808 3937 1925 3977 duee
1973 3940 2019 3977 et
2066 3938 2211 3985 gestis
2256 3935 2371 3974 eius.

128 3990 160 4042 t)
191 3994 420 4036 Rimwald
454 3996 495 4037 G
527 3998 552 4037 2
584 4006 937 4046 nonnumquam3
983 3998 1170 4038 Romalt
1200 3998 1243 4036 D
1278 3999 1328 4045 13
1373 3997 1593 4036 Romoalt
1623 3995 1660 4036 Ο
1692 3997 1746 4045 13
1792 3994 2024 4035 Rumuald
2055 4006 2075 4034 e
2106 4005 2222 4033 corr.
2255 3993 2297 4034 G
2330 3994 2371 4032 1.

127 4049 502 4102 u)'1'heoderata
545 4056 589 4097 A
623 4059 663 4107 1,
710 4054 784 4095 sed
813 4055 937 4105 infra
979 4056 1182 4106 Theud.;
1229 4055 1523 4095 Theodorata
1556 4054 1598 4097 G
1633 4057 1681 4106 13
1712 4054 1859 4096 Teud.
1894 4054 1927 4095 C
1957 4052 2027 4103 *13
2075 4052 2244 4092 mulier
2274 4052 2375 4089 eius

129 4112 226 4151 add.
257 4114 295 4153 L
331 4116 374 4167 1,
423 4116 500 4164 qui
529 4116 596 4154 hic
627 4125 796 4165 quoque
825 4115 1002 4165 saepius
1033 4126 1062 4153 a
1091 4114 1223 4155 Pauli
1251 4114 1392 4154 verbis
1421 4114 1590 4154 recedit.
1740 4113 1789 4167 v)
1821 4124 1980 4153 novum
2008 4112 2092 4152 inc.
2126 4122 2221 4160 ary.
2254 4108 2299 4148 H
2332 4112 2373 4152 1.

129 4167 185 4219 w)
211 4172 446 4214 Romoald
477 4174 518 4214 A
552 4176 592 4214 1.
624 4174 667 4213 D
699 4169 795 4214 Ἔα.
826 4174 879 4223 4;
910 4174 1125 4213 Romoalt
1156 4174 1190 4215 Ο
1226 4176 1280 4223 1;
1311 4174 1509 4213 Romald
1539 4174 1582 4213 D
1617 4175 1670 4223 13
1700 4172 1959 4213 Romualdo
1989 4171 2031 4209 D
2065 4170 2120 4220 83
2165 4168 2377 4208 Rodoald

127 4240 147 4267 e
175 4241 288 4276 corr.
321 4233 361 4272 B
398 4234 452 4282 13
482 4232 699 4273 Roduald
730 4232 770 4273 A
803 4233 857 4282 33
904 4233 1147 4273 Rodoaldo
1179 4234 1218 4273 E
1254 4235 1293 4274 1.
1329 4232 1371 4273 G
1405 4234 1446 4275 1.
1480 4233 1521 4273 2.
1672 4230 1722 4284 x)
1754 4230 2141 4271 Foroiulanorum
2172 4229 2210 4268 B
2245 4228 2285 4266 1.
2324 4250 2377 4257 —

129 4291 172 4327 et
204 4310 254 4319 —
287 4292 468 4332 invaslt
496 4292 581 4332 des.
615 4291 650 4333 Ο
684 4290 725 4333 3.
859 4289 907 4343 y)
940 4291 1165 4331 Ansefriti
1198 4291 1234 4333 Ο
1268 4294 1308 4334 1.
1341 4291 1384 4330 D
1419 4292 1470 4341 13
1518 4290 1768 4333 Ansefrido
1800 4291 1842 4329 D
1878 4290 1926 4337 23
1958 4288 2150 4328 Austrid
2184 4285 2224 4327 G
2259 4286 2300 4326 1.
2335 4286 2375 4337 2,

127 4347 215 4387 alii.
371 4348 417 4401 z)
453 4361 556 4390 eum
589 4349 631 4390 G
664 4351 705 4391 1.
739 4351 780 4391 2.
933 4349 978 4402 a)
1012 4355 1059 4393 et
1089 4351 1146 4391 de
1179 4361 1220 4391 e.
1253 4351 1314 4390 D.
1350 4362 1390 4393 e.
1423 4349 1509 4390 des.
1544 4351 1579 4392 Ο
1614 4352 1656 4390 3.
1808 4346 1856 4399 b)
1890 4347 2057 4386 Ticina
2088 4346 2123 4387 O
2153 4343 2217 4396 ¹⁸1,
2260 4355 2378 4384 0⁰²⁸?-

129 4406 290 4449 'ricino
322 4409 368 4449 D
404 4410 446 4462 1,
478 4414 514 4449 et
543 4410 608 4449 ita
638 4410 719 4449 aziz·
748 4410 806 4448 D.
840 4410 884 4448 H
917 4412 966 4459 13
1001 4410 1158 4450 Titina
1190 4410 1225 4451 Ο
1260 4411 1302 4450 1.
