2984 4917
543 323 656 373 248
1117 320 1573 373 EPITAPHIUM
1609 319 1845 372 ANSAE
1884 320 2226 374 REGINAE.

305 504 388 563 ἰ».
421 510 524 551 ιοι.
1051 492 1072 517 *
1101 486 1362 553 Sedenti
1405 508 1571 573 pape
1614 494 1761 553 ante
1804 508 1916 551 ora
1960 486 2245 551 omnium

888 570 1152 637 scedula
1193 570 1382 635 datur
1423 570 1754 635 continens
1798 569 2159 655 praeterita,

886 677 1053 742 quae
1096 665 1242 719 acta
1283 665 1461 719 erant
1502 653 1830 740 praedicto
1876 652 1956 718 de
2000 654 2297 717 scismate
2314 662 2371 734 ⁸3

887 760 1080 827 quam
1121 739 1223 803 vir
1265 736 1584 803 excellens
1628 737 2051 801 Dammianus
2068 738 2096 780 ¹³
2140 735 2433 823 pontifex
2456 749 2474 783 ¹

883 824 992 909 pio
1037 821 1273 887 direxit
1312 820 1555 885 dictata
1596 821 1909 885 effamine.
1962 833 2031 899 ·†·

1054 924 1315 1010 Sergius
1405 945 1531 1008 apa
1571 923 1707 1009 regi
1752 930 1848 987 est
1888 919 2207 1008 pollicitus

887 1029 1001 1073 sua
1043 1030 1083 1072 a
1124 1006 1269 1071 Deo
1397 1015 1652 1092 empta⁰
1693 1005 2009 1088 facinora3

884 1089 1041 1155 illud
1081 1089 1432 1178 prophetae
1450 1104 1494 1171 ²,
1540 1090 1655 1154 ubi
1696 1088 1939 1176 inquid,
1982 1088 2297 1154 recoletd:

881 1173 1034 1256 ‘Qui
1075 1184 1411 1260 peccatore
1452 1175 1537 1239 ab
1579 1195 1792 1238 errore
1836 1183 2165 1239 convertet
2180 1184 2227 1256 θ,

885 1280 1004 1325 sua
1044 1280 1085 1323 a
1127 1269 1330 1324 morte
1371 1256 1668 1322 liberavit
1707 1258 1957 1321 anima’.
2004 1267 2076 1335 4-

1051 1360 1280 1425 Merito
1323 1360 1488 1424 iuste
1532 1370 1751 1446 pastor
1791 1357 2183 1445 apostolicus

885 1442 1062 1530 digni
1104 1443 1279 1528 quod
1322 1454 1501 1508 erant
1542 1452 1753 1509 sectae
1794 1463 2034 1528 pravae
2050 1442 2072 1484 f
2116 1441 2388 1523 codices,

885 1548 1045 1614 quos
1087 1526 1348 1592 antefati
1393 1528 1911 1613 conscripserunt
1948 1535 2260 1608 auctores,

885 1612 1069 1675 iussit
1111 1610 1395 1692 conburi,
1438 1609 1603 1675 ultra
1644 1632 1725 1675 ne
1767 1608 2170 1695 pulluerentss

886 1715 1228 1779 pravorum
1273 1704 1538 1775 mentes,
1586 1694 1696 1779 qui
1739 1703 1918 1757 erant
1959 1692 2039 1757 de
2084 1693 2399 1757 scismate.
2424 1702 2495 1771 4-

1049 1794 1210 1859 Mihi
1252 1794 1533 1880 ignosce,
1577 1818 1713 1877 reX,
1759 1816 2019 1881 quassu,
2062 1794 2365 1880 piissime,

885 1889 997 1943 tua
1040 1878 1151 1963 qui
1191 1878 1362 1943 iussa
1403 1877 1685 1963 nequivi,
1730 1888 1802 1942 ut
1843 1877 2169 1958 condecet,

887 1983 1167 2049 pangere
1212 1983 1321 2027 ore
1366 1961 1699 2061 styloqueh
1745 1971 2106 2043 contexere,

884 2055 1054 2111 recte
1097 2055 1170 2109 ut
1207 2044 1423 2111 valent
1464 2045 1742 2111 edlssere
1784 2046 2068 2127 medrici,

885 2128 1110 2215 scripsi
1153 2150 1270 2213 per
1311 2151 1504 2215 prosa
1545 2140 1617 2194 ut
1660 2127 2123 2193 oratiunculam
2143 2130 2180 2192 ἱ.
2221 2136 2294 2207 -f-

1059 2229 1281 2295 Gloria
1323 2232 1486 2316 Regi
1530 2253 1755 2316 regum
1800 2232 1867 2294 in
1908 2240 2293 2315 perpetuum

889 2334 1194 2377 canamus
1238 2335 1479 2395 omneS,
1526 2336 1775 2379 oremus
1820 2324 1883 2378 et
1925 2314 2182 2398 pariter,

889 2420 1005 2461 sua
1047 2407 1119 2461 ut
1159 2420 1228 2462 re
1278 2420 1379 2463 em
1425 2397 1899 2485 Cunincpercto
1944 2396 2209 2462 dextera

888 2490 1179 2567 protecat
1279 2482 1516 2546 hristus
1560 2481 1665 2545 hic
1708 2478 1909 2545 multa
1950 2502 2067 2565 per
2107 2490 2419 2565 tempora,

883 2565 1085 2629 vitam
1130 2572 1453 2629 aeternam
1495 2564 1800 2650 deinceps
1846 2572 1908 2629 et
1950 2564 2206 2630 tribuat.
2254 2572 2327 2643 4-

894 2928 1021 2985 111.
1107 2928 1659 2983 EPH'APHIUM
1700 2930 1984 2985 ANSAE
2026 2928 2442 2989 REGINAE.

715 3040 796 3103 In
839 3040 1055 3105 codice
1095 3038 1507 3104 bibliothecae
1553 3040 1836 3104 civitatis
1867 3040 2355 3125 Lipsiensis
2384 3041 2440 3117 I,
2490 3038 2575 3103 74
2626 3042 2799 3104 inter

547 3125 848 3189 earmina
887 3122 1099 3188 Paulo
1139 3123 1442 3188 Diacono
1489 3123 1805 3188 attributa
1849 3125 2028 3207 epita
2078 3125 2257 3189 bium
2297 3124 2543 3209 ἱερέων
2570 3123 2799 3187 Ansae

547 3211 843 3295 reyinae,
887 3207 1118 3271 umoris
1161 3206 1500 3271 Desiderii
1547 3208 1743 3293 reyis,
1804 3208 1977 3293 quod
2091 3209 2358 3272 istoriae
2401 3206 2797 3293 Lanyobar·

549 3294 736 3357 dicae
779 3292 1042 3379 insigne
1099 3298 1577 3355 monumentum
1638 3314 1679 3353 a
1739 3291 1793 3354 b.
1849 3315 1931 3359 m.
1980 3291 2138 3356 Hau
2185 3293 2273 3355 tio
2330 3290 2579 3355 editum
2642 3291 2799 3373 (Be-

548 3376 748 3439 rickte
793 3375 910 3439 der
953 3374 1184 3440 Soichs.
1232 3372 1374 3438 Ges.
1435 3375 1499 3437 d.
1557 3374 1741 3439 Wiss.
1790 3374 1971 3456 1850,
2003 3397 2081 3458 p.
2152 3378 2187 3456 )
2248 3374 2363 3438 hoc
2419 3372 2561 3437 loco
2658 3397 2797 3438 rae-

547 3460 882 3523 termittere
911 3457 1262 3523 noluimus.
1349 3458 1541 3521 Ansa
1571 3481 1715 3522 cum
1756 3460 1993 3522 marito
2034 3461 2107 3523 in
2148 3458 2511 3522 manniam
2604 3466 2799 3522 πισία8

549 3563 674 3626 quo
747 3564 924 3606 anno
995 3542 1221 3606 obierit
1290 3563 1421 3605 non
1494 3550 1777 3623 constat,
1856 3564 2060 3627 neque
2176 3541 2448 3606 uomodo
2494 3540 2797 3625 factum,

591 3624 725 3688 uod
768 3626 990 3689 saltem
1031 3634 1287 3689 mortua
1316 3627 1389 3689 in
1424 3626 1727 3708 patriam
1763 3634 2004 3689 terram
2032 3648 2102 3689 re
2150 3634 2467 3705 uceretur,
2514 3626 2595 3689 id
2624 3624 2803 3711 quod

597 3729 666 3771 oc
717 3711 1005 3772 carmine
1050 3708 1367 3773 docemur.
1474 3707 1663 3781 Quod
1706 3710 1766 3773 si
1808 3709 2021 3773 Paulo
2063 3718 2226 3774 recte
2281 3708 2354 3773 722·
2407 3730 2644 3772 versus
2688 3709 2803 3772 tri-

549 3791 869 3872 buuntur,
927 3794 1197 3875 tempori
1253 3792 1675 3857 adscribendi
1729 3802 1898 3873 sunt,
1957 3816 2081 3878 quo
2135 3795 2207 3858 in
2266 3792 2428 3857 aula
2486 3792 2807 3857 Adelchis

545 3952 592 4007 a)
625 3965 670 4004 q.
703 3962 746 3994 a.
781 3963 821 3995 e.
853 3963 900 4003 Ρ.
935 3952 977 3993 (1.
1010 3962 1074 3994 sc.
1107 3954 1256 3993 desunt
1287 3954 1327 3994 2.
1459 3952 1509 4006 b)
1542 3954 1799 3995 Damianus
1831 3955 1870 3995 2.
2006 3953 2048 4005 c)
2082 3954 2267 3995 ademta
2298 3955 2340 3996 2.
2479 3952 2531 4007 d)
2560 3956 2731 3995 recolit
2762 3954 2802 3993 2.

542 4012 856 4113 {ssgffiegffl
887 4012 929 4053 2.
1049 4009 1086 4063 f)
1119 4017 1244 4053 seete
1275 4023 1416 4061 prave
1449 4015 1490 4053 2.
1615 4014 1662 4065 g)
1693 4014 1945 4064 polluerint
1979 4016 2018 4055 2.
2138 4012 2187 4065 h)
2219 4013 2423 4061 utileque
2456 4012 2498 4053 8.
2627 4012 2666 4065 1)
2702 4022 2805 4053 ora—

549 4200 608 4269 1)
653 4201 972 4265 Ticinemis5
1011 4204 1080 4270 cf.
1123 4200 1277 4253 Paul.
1328 4201 1422 4265 VI,
1461 4204 1515 4255 4.
1668 4200 1727 4270 2)
1764 4204 1937 4271 Epist.
1977 4200 2165 4255 Jacobi
2202 4203 2254 4266 5,
2294 4202 2382 4253 20.
2538 4201 2599 4270 3)
2640 4200 2791 4253 Ann-

549 4274 756 4327 Nazar.
794 4276 970 4329 Alam.
1001 4273 1102 4327 SS.
1142 4273 1192 4339 Ι,
1221 4293 1284 4342 p.
1323 4276 1416 4329 40.
