2984 4917
585 360 656 411 66
907 357 1130 410 PAULI
1168 357 1518 411 HISTORIA
1555 355 2228 410 LANGOBARDORUM.
2304 355 2448 408 LIB.
2488 356 2533 408 1.

585 526 955 592 comitatum
1013 547 1084 590 as
1133 524 1361 607 iciens,
1404 524 1785 608 interrogat,
1843 524 1987 610 quis
2038 524 2157 588 iste
2200 545 2338 588 esse
2381 524 2661 610 possit⁸,
2722 527 2819 613 qui

581 619 714 676 tam
752 607 1022 674 sublime
1053 630 1089 673 o
1139 609 1435 694 sequium
1461 607 1744 673 haberet.
1817 607 2214 706 Dictumque
2243 607 2371 672 illib
2404 619 2531 692 est,
2574 609 2821 675 Rodulfi

583 693 755 779 regis
785 715 1164 779 germanum
1191 692 1548 776 legatione⁰
1590 691 1925 778 perfuncta
1959 701 2234 778 patriam
2276 693 2545 779 regredi.
2634 694 2821 760 Mittit

582 775 796 864 puella
809 778 860 860 ⁸¹,
906 776 1020 864 qui
1050 798 1200 841 eum
1242 777 1561 857 invitaret,
1608 786 1714 840 ut⁶
1753 776 1887 841 vini
1916 775 2221 863 poculum
2264 777 2637 862 dignaretur
2665 781 2819 843 acci-

583 883 757 947 pere.
842 859 984 926 Ille‘
1036 859 1227 925 corde
1271 857 1567 945 simplici,
1611 870 1684 925 ut
1724 861 2027 926 invitatus
2056 860 2280 943 fuerat,
2324 862 2526 943 venit3
2573 871 2639 926 et
2682 862 2821 948 quia

584 953 721 1011 erat
763 953 1004 1010 statura
1045 942 1335 1031 pusillus,
1379 966 1529 1008 eum
1570 942 1738 1010 fastu
1752 955 1782 1000 ⁸
1825 944 2163 1032 superbiae
2214 943 2425 1031 puella
2471 946 2767 1032 despexit
2776 948 2816 1029 ¹¹,

583 1030 915 1115 verbaque
945 1029 1284 1094 adversusi
1333 1049 1480 1094 eum
1526 1028 1822 1095 inrisoria
1864 1028 2148 1117 protulit.
2235 1030 2326 1094 At
2365 1028 2471 1096 ille
2515 1051 2816 1096 verecun-

584 1112 693 1176 dia
795 1112 988 1177 ariter
1031 1120 1094 1177 et
1144 1111 1582 1198 indignatione
1625 1112 1940 1198 perfusus,
2000 1111 2152 1178 talia
2206 1136 2428 1180 rursus
2487 1112 2695 1180 verba
2736 1137 2818 1180 re-

585 1215 748 1343 sffion
793 1196 876 1276 it,
996 1217 1118 1261 uae
1181 1195 1557 1283 ampliorem
1573 1197 1605 1238 ¹⁸
1677 1196 1928 1283 puellae
1992 1196 2428 1263 confusionem
2486 1198 2818 1265 adferrent.

645 1301 771 1344 unc
815 1278 920 1344 illa
1067 1302 1176 1346 ore
1217 1279 1488 1347 femineo
1536 1301 1861 1365 succensa,
1904 1280 2224 1347 dolorem¹
2278 1282 2488 1348 cordis
2532 1281 2819 1347 cohibere

586 1384 717 1427 non
757 1362 1009 1447 valens,
1053 1362 1260 1429 scelus
1291 1365 1464 1451 quod
1493 1376 1704 1430 mente
1734 1366 2147 1451 conciperat¹¹¹
2192 1365 2452 1453 explere
2483 1367 2819 1432 contendit.

589 1446 864 1513 Simulat
903 1448 1295 1534 patientiam,
1340 1448 1589 1515 vultum
1632 1448 1965 1533 exhilarat,
2008 1471 2281 1537 eumque
2310 1449 2573 1516 verbisu
2615 1452 2821 1514 iocun-

586 1531 872 1598 dioribus
927 1531 1294 1598 demulcens
1307 1544 1354 1616 ⁰,
1397 1533 1482 1598 ad
1540 1533 1923 1598 sedendum!³
1980 1535 2228 1616 invitat,
2286 1533 2529 1620 talique
2574 1555 2727 1599 eum
2766 1535 2823 1596 in

585 1618 727 1683 loco
757 1618 979 1683 sedere
1019 1619 1364 1700 constituit,
1407 1639 1536 1704 quo
1564 1619 1827 1704 parietis
1868 1617 2241 1684 fenestram«
2284 1619 2369 1684 ad
2396 1618 2699 1705 scapulas
2728 1619 2823 1682 ha·

588 1701 784 1767 beret.
883 1702 1096 1783 Quam
1162 1700 1508 1767 fenestram
1574 1703 1794 1788 quasir
1852 1703 1935 1769 ob
1990 1701 2257 1802 hospitis
2316 1701 2655 1785 honorem,
2726 1713 2819 1767 res

586 1794 803 1851 autem
845 1807 999 1852 vera
1038 1808 1119 1851 ne
1149 1808 1296 1851 eum
1325 1785 1544 1873 aliqua
1571 1785 1857 1885 pulsaret
1889 1786 2194 1872 suspic1o,
2237 1785 2554 1852 velamine
2586 1797 2823 1854 texerat

586 1870 897 1958 pretioso,
949 1870 1349 1957 praecipiens
1393 1871 1792 1935 atrocissima
1847 1869 2069 1937 belua‘
2119 1892 2236 1957 pro
2284 1871 2395 1934 riis
2438 1873 2689 1956 pueriS,
2746 1880 2825 1951 ut,

587 1977 739 2020 cum
766 1954 910 2040 ipsa
939 1955 1122 2040 quasi
1148 1954 1232 2019 ad
1307 1955 1634 2019 incernam
1662 1954 1931 2042 loquens
1961 1955 2198 2020 ‘Misce'
2276 1956 2519 2036 ixisset,
2562 1953 2657 2018 illi
2686 1975 2823 2020 eum

587 2060 627 2104 a
655 2047 833 2125 tergo
861 2037 1100 2103 lanceis
1129 2061 1211 2125 pe
1272 2047 1543 2104 orarent.
1630 2039 1903 2104 Factum
1948 2063 2029 2106 ue
2058 2047 2184 2122 est3
2216 2049 2297 2122 et,
2328 2050 2526 2104 mox¹¹
2558 2037 2821 2104 crudelis

585 2123 824 2188 femina
874 2123 1132 2208 signum
1181 2121 1378 2204 dedit,
1429 2124 1652 2209 iniqua
1670 2136 1697 2166 v
1742 2144 1895 2187 man
1940 2134 2045 2189 ata
2072 2123 2513 2209 perficiuntur,
2563 2123 2587 2185 i
2638 2143 2823 2209 seque

584 2205 954 2273 vulneribus
995 2206 1342 2273 transfixus
1372 2207 1438 2270 in
1467 2216 1746 2270 terramW
1791 2230 2092 2272 corruens
2130 2229 2213 2272 ex
2261 2208 2466 2272 iravit.
2616 2227 2659 2268 a
2688 2227 2824 2271 eum

585 2289 861 2356 Rodulfo
904 2313 972 2355 re
1023 2294 1038 2308 ⁶
1082 2291 1372 2355 nuntiata
1412 2289 1683 2357 fuissent
1698 2304 1727 2334 ¹
1744 2339 1761 2373 ,
1816 2302 1949 2357 tam
2002 2291 2199 2357 crude
2225 2314 2260 2356 e
2302 2290 2591 2376 germani
2646 2289 2825 2354 funus

586 2375 920 2460 ingemuit,
1008 2371 1323 2461 olorisque
1352 2375 1691 2460 inpatiens,
1733 2375 1816 2441 ad
1860 2374 2294 2441 ulciscendam
2322 2375 2535 2441 fratris
2564 2384 2825 2439 mortem

587 2458 846 2522 exarsit.
910 2457 1166 2522 Foedus
1213 2469 1339 2524 ueY
1371 2459 1545 2544 quod
1575 2481 1720 2522 cum
1750 2460 1995 2526 Tatone
2035 2482 2117 2546 pe
2165 2458 2368 2545 igerat
2394 2461 2769 2545 inrumpens
2785 2468 2823 2538 ¹,

589 2540 799 2607 eidem
834 2538 1073 2605 bellum
1115 2541 1182 2604 in
1231 2542 1403 2606 'xit³.
1534 2543 1709 2624 Quid
1752 2543 1983 2629 plura?
2128 2545 2479 2609 onveniunt
2521 2551 2824 2607 utrorum-

634 2645 716 2689 ue
759 2626 827 2688 in
869 2625 1110 2710 campis
1153 2625 1521 2712 patentibus
1563 2627 1755 2692 acies.
1838 2627 2191 2693 Rodulfusb
2246 2648 2397 2692 suos
2450 2629 2519 2691 in
2578 2635 2823 2713 pugna⁰

590 2647 836 2794 dirigit3
894 2708 1033 2794 ipse
1075 2708 1142 2772 in
1186 2711 1408 2774 castris
1451 2710 1753 2776 resedens
1767 2711 1816 2793 ⁸¹,
1860 2712 1941 2777 de
1984 2734 2098 2799 spe
2140 2711 2448 2777 victoriae
2491 2709 2653 2774 nihil
2703 2730 2822 2772 am-

590 2789 819 2878 bigens
836 2802 883 2874 0,
925 2791 1010 2856 ad
1053 2791 1335 2858 tabulam
1377 2792 1559 2860 ludit.
1644 2794 1849 2860 Erant
1889 2795 2209 2883 siquidem
2252 2806 2408 2862 tunc
2434 2793 2665 2860 Heroli
2705 2791 2821 2858 bel-

589 2874 795 2940 lorum
847 2875 1072 2948 usibus
1090 2877 1112 2919 ¹⁹
1185 2878 1448 2943 exerciti
1495 2877 1971 2965 multorumque
2035 2881 2165 2944 iam
2230 2889 2441 2965 strage
2503 2875 2825 2944 notissimi.

588 3148 633 3203 a)
665 3153 823 3202 posset
855 3149 895 3190 G
929 3151 970 3192 2.
1003 3152 1026 3191 1
1060 3154 1099 3193 1.
1219 3149 1267 3202 b)
1301 3151 1399 3191 illis
1429 3153 1468 3191 F
1502 3153 1553 3202 13
1585 3156 1655 3193 est
1682 3153 1757 3193 illi
1786 3155 1825 3193 B
1862 3155 1903 3197 1.
1936 3153 1977 3193 G
2008 3155 2050 3195 2.
2170 3150 2212 3204 c)
2246 3154 2533 3202 legationem
2564 3151 2607 3190 A
2639 3152 2683 3191 2.
2712 3151 2747 3189 F
2777 3150 2821 3196 13

584 3212 828 3262 perfuncto
855 3211 896 3250 B
931 3212 971 3251 1.
1013 3211 1050 3250 Γ
1083 3209 1142 3250 1?
1262 3209 1308 3262 d)
1337 3210 1543 3260 puellam
1587 3213 1627 3252 A
1658 3209 1722 3254 ’4.
1768 3214 1807 3252 Β
1843 3214 1884 3255 1.
1929 3211 1973 3252 D
2009 3214 2049 3256 1.
2096 3213 2135 3252 E
2170 3214 2212 3254 1.
2246 3211 2287 3252 G
2320 3213 2361 3252 1.
2396 3212 2438 3252 3.
2471 3210 2607 3254 5a.b.
2656 3211 2679 3250 1
2710 3211 2748 3249 1.
2778 3208 2822 3254 25

584 3269 744 3320 puella
771 3281 886 3311 corr.
928 3270 1136 3320 puellam
1168 3269 1209 3310 G
1241 3271 1283 3309 2.
1317 3291 1371 3300 -
1414 3267 1575 3322 qu(a)e
1604 3273 1643 3311 B
1680 3272 1721 3312 1.
1755 3272 1800 3311 2.
1835 3270 1876 3311 G
1908 3272 1949 3310 2.
1980 3272 2049 3316 ba,
2070 3271 2114 3312 b.
2146 3271 2169 3310 1
2202 3273 2245 3314 1.
2278 3272 2320 3323 2,
2352 3281 2373 3311 e
2402 3282 2520 3311 corr.
2553 3269 2596 3308 A
2629 3268 2685 3310 2?
2712 3269 2751 3308 D
2783 3267 2819 3305 l.

589 3329 630 3368 G
663 3331 706 3368 1.
742 3349 795 3358 —-
828 3338 932 3368 eam
962 3339 1079 3370 corr.
1111 3338 1218 3369 eum
1246 3329 1283 3367 F
1318 3330 1358 3370 1.
1481 3325 1527 3379 e)
1561 3334 1612 3369 ut
1642 3350 1692 3360 -
1730 3329 1931 3382 simplici
1962 3331 2048 3371 des.
2082 3330 2125 3370 D
2160 3331 2215 3380 23
2259 3334 2311 3371 ut
2338 3341 2383 3372 v.
2416 3331 2503 3372 dee.
2532 3329 2571 3370 F
2606 3330 2656 3378 13
2686 3329 2716 3367 i.
2746 3325 2818 3365 um·

584 3397 631 3436 p.
667 3386 708 3426 G
740 3389 781 3430 1.
930 3384 967 3437 s)
1000 3387 1038 3427 1.
1071 3397 1181 3436 ergo
1226 3388 1267 3427 B
1303 3388 1342 3432 1.
1492 3385 1540 3438 g)
1573 3388 1727 3428 fausto
1773 3387 1814 3428 G
1846 3391 1886 3440 1,
1918 3400 2033 3432 corr.
2080 3388 2205 3429 fastu
2248 3391 2287 3429 F
2320 3391 2361 3430 1.
2413 3388 2455 3429 G
2486 3390 2542 3438 2;
2588 3387 2686 3428 fato
2716 3385 2754 3426 G
2781 3383 2816 3422 3·

586 3442 635 3496 h)
670 3445 875 3495 dispexit
921 3446 959 3484 Γ
995 3446 1037 3485 1.
1086 3446 1127 3486 G
1163 3447 1205 3486 2.
1237 3446 1281 3486 4.
1432 3444 1467 3498 i)
1501 3447 1746 3488 adversum
1794 3448 1831 3487 F
1870 3449 1911 3489 1.
2060 3445 2108 3498 k)
2137 3449 2364 3498 ampliore
2414 3447 2688 3488 confusione
2732 3444 2817 3484 Pl.

585 3500 621 3554 l)
655 3507 702 3544 et
731 3503 774 3542 d.
807 3501 847 3542 G
879 3503 923 3543 2.
1071 3502 1135 3556 ιιι)
1165 3504 1230 3543 ita
1280 3503 1321 3544 A
1354 3506 1397 3548 1.
1429 3506 1472 3546 2.
1501 3507 1542 3546 Β
1576 3507 1627 3555 2;
1673 3506 1941 3556 conciperet
1982 3508 2021 3546 F
2053 3508 2093 3548 1.
2130 3506 2171 3546 G
2202 3507 2253 3556 ὃς
2300 3510 2580 3558 conceperat
2608 3504 2740 3545 ceteri.
2770 3522 2815 3530 -

587 3562 796 3612 expleret
825 3562 862 3601 Γ
897 3563 936 3601 1.
1059 3561 1107 3614 ιι)
1142 3573 1289 3611 eaque
1318 3564 1462 3605 verba
1490 3565 1529 3604 F
1562 3567 1604 3607 1.
1636 3564 1677 3605 G
1710 3567 1751 3606 1.
1785 3566 1827 3604 2.
1859 3565 1901 3607 3.
2025 3563 2069 3617 ο)
2098 3566 2208 3605 deest
2237 3563 2361 3607 ΑΨ».
2478 3562 2531 3618 p)
2564 3562 2817 3606 rediendum

588 3618 628 3659 G
662 3621 702 3659 1.
734 3621 786 3670 2;
816 3621 1066 3670 prandium
1099 3621 1139 3661 G
1170 3621 1212 3662 5.
1332 3621 1380 3674 q)
1411 3622 1618 3664 fenestra
1664 3624 1703 3664 Ε
1737 3626 1787 3674 1;
1830 3625 2055 3665 fenestras
2084 3625 2137 3666 F.
2173 3623 2215 3664 G
2253 3624 2446 3678 (praeter
2490 3624 2533 3665 G
2564 3622 2655 3676 5a).
2688 3644 2737 3654 -
2764 3620 2816 3659 ad
2942 3655 2944 3660 .

586 3689 649 3720 sc.
683 3680 768 3719 des.
803 3677 845 3720 G
877 3680 921 3720 2.
1042 3677 1082 3731 ι·)
1110 3681 1221 3720 deest
1249 3682 1288 3720 B
1324 3682 1364 3724 1.
1498 3679 1538 3733 s)
1571 3692 1621 3722 re
1652 3693 1674 3722 e
1702 3694 1816 3724 corr.
1848 3683 1885 3722 F
1921 3684 1969 3733 13
2002 3693 2037 3722 r.
2071 3694 2113 3723 a.
2144 3694 2187 3722 v.
2218 3684 2303 3725 des.
2340 3683 2407 3735 G3
2438 3684 2522 3724 illa
2553 3684 2699 3724 verita
2725 3679 2812 3720 add.
2942 3725 2944 3734 Ι

585 3738 623 3777 F
653 3738 696 3778 4.
732 3738 773 3778 G
804 3738 876 3780 5a.
999 3735 1034 3788 t)
1066 3739 1210 3779 verba
1241 3738 1293 3780 O.
1325 3741 1383 3780 D.
1415 3741 1454 3780 E
1492 3743 1530 3782 1.
1563 3741 1601 3780 F
1633 3743 1673 3783 2.
1705 3742 1748 3781 Η
1782 3743 1832 3791 1;
1864 3742 1999 3782 velba
2028 3753 2143 3783 corr.
2176 3743 2319 3784 verba
2348 3744 2385 3783 F
2404 3745 2445 3784 1.
2566 3741 2616 3796 u)
2648 3745 2697 3782 ut
2722 3748 2817 3779 mox
2942 3735 2944 3754 ³

587 3798 627 3837 A
659 3793 730 3846 ‘83
761 3801 807 3839 et
836 3802 889 3838 ut
918 3808 1026 3838 mox
1056 3796 1099 3838 A
1131 3799 1187 3847 ὃς
1233 3801 1279 3838 et
1307 3809 1416 3839 mox
1457 3803 1509 3840 ut
1537 3801 1589 3842 B.
1626 3801 1661 3840 G
1693 3798 1753 3842 ·1.
1784 3802 1827 3840 D
1863 3802 1886 3839 1
1919 3811 1941 3840 e
1970 3812 2111 3850 com-,3
2156 3803 2201 3842 et
2230 3802 2341 3842 deut
2374 3801 2409 3844 C
2443 3801 2485 3843 5.
2530 3821 2585 3832 —
2620 3798 2817 3841 erudelis·
2942 3797 2944 3806 '

587 3858 705 3898 sima
737 3856 772 3897 C
802 3857 848 3897 4.
969 3855 1016 3908 v)
1049 3857 1303 3907 iniquaque
1333 3858 1375 3897 A
1407 3858 1460 3907 ὃς
1493 3859 1543 3898 in
1575 3869 1667 3908 qua
1700 3856 1754 3910 (9)
1786 3871 1901 3901 corr.
1948 3859 2056 3900 ilico
2097 3861 2134 3900 F
2168 3861 2222 3909 13
2262 3861 2311 3900 in
2344 3871 2434 3910 quo
2466 3861 2503 3900 F
2537 3861 2577 3904 5.
2612 3859 2652 3901 G
2684 3853 2816 3898 1-·5.
2941 3813 2944 3936 Ι

589 3917 658 3958 εει.
680 3926 728 3966 ος
757 3916 909 3966 iniqui
942 3914 983 3956 G
1014 3916 1095 3965 ειη
1128 3916 1292 3966 nuque
1322 3917 1359 3955 r
1390 3917 1432 3956 4.
1469 3937 1523 3946 -
1554 3917 1802 3966 perficiunt
1830 3919 1879 3960 r.
1901 3917 1956 3958 e.
2048 3916 2110 3970 w)
2140 3921 2266 3960 terra
2296 3920 2334 3958 ιε·
2367 3921 2409 3963 1.
2500 3919 2550 3972 x)
2582 3921 2652 3960 na
2681 3910 2817 3970 (nto)

588 3987 628 4017 c.
660 3975 714 4015 R.
747 3985 782 4015 r.
813 3976 1075 4016 nuntiatum
1106 3973 1270 4016 fuisset
1301 3974 1411 4028 (fuis
1436 3975 1444 4029 Ι
1472 3975 1586 4017 isset
1614 3977 1651 4016 Γ
1684 3978 1733 4025 1;
1764 3977 1854 4017 fuit
1885 3975 2019 4028 G5b)
2052 3978 2089 4018 F·
2124 3981 2165 4020 1.
2199 3977 2253 4020 G.
2360 3977 2407 4031 y)
2438 3989 2530 4028 que
2560 3979 2669 4019 deut
2696 3975 2731 4016 A
2758 3969 2816 4011 ‘8.
2938 3939 2944 4074 ι

2941 4087 2944 4114 Ι

589 4034 630 4085 z)
679 4034 847 4085 irrupit
907 4034 1149 4084 eidemque
1194 4035 1237 4074 D
1272 4035 1313 4076 2.
1367 4034 1408 4076 3.
1577 4032 1622 4086 a)
1667 4035 1853 4076 induxit
1916 4037 1954 4078 B
1990 4039 2029 4078 1.
2095 4036 2135 4078 G
2165 4038 2209 4080 4.
2376 4035 2425 4090 b)
2474 4037 2671 4078 Rodulfo
2711 4032 2746 4073 Δ
2776 4032 2819 4069 1·

589 4090 631 4145 c)
664 4093 727 4132 ita
756 4093 798 4133 A
831 4096 872 4135 1.
904 4093 942 4132 F
975 4096 1023 4144 ις
1068 4104 1273 4144 pugnam
1304 4094 1444 4136 ceteri.
1584 4091 1631 4146 d)
1664 4093 1729 4134 ita
1759 4094 1801 4133 A
1835 4097 1876 4134 1.
1906 4096 1945 4134 F
1979 4097 2028 4146 13
2086 4097 2294 4138 residens
2340 4098 2379 4138 B
2416 4100 2455 4142 1.
2502 4097 2543 4138 G
2575 4099 2615 4138 1.
2650 4096 2688 4147 2,
2730 4089 2812 4130 alii.

587 4149 630 4204 e)
665 4152 873 4193 ambiens
902 4152 941 4192 B
976 4154 1046 4195 la.
1078 4153 1113 4194 C
1146 4149 1206 4193 ’1.
1238 4154 1312 4194 4b.
1345 4153 1387 4195 5.
1417 4153 1460 4192 D
1498 4154 1541 4193 1.
1573 4154 1611 4193 E
1648 4156 1687 4199 1.
1732 4151 1774 4194 G
1806 4154 1845 4194 2.
1881 4154 1924 4198 3.
1953 4156 1997 4198 4.
2032 4150 2094 4196 ’5.
2130 4157 2170 4197 6.
2206 4156 2229 4195 1
2264 4159 2305 4198 1.
2340 4159 2382 4199 8.
2462 4155 2585 4205 Quod
2610 4155 2659 4195 in
2687 4148 2812 4191 arche·

585 4215 686 4261 typo
705 4211 849 4260 suim
875 4213 1092 4262 putarim3
1123 4212 1339 4253 dubitans
1369 4212 1414 4252 H
1447 4213 1488 4257 1.
1608 4211 1645 4265 f)
1672 4211 1849 4252 lusibus
1882 4213 1917 4254 0
1950 4214 2000 4264 53
2033 4215 2123 4255 sibi
2153 4215 2190 4254 F
2224 4216 2268 4256 1.
2304 4214 2359 4258 G.
2395 4237 2448 4246 —
2479 4216 2682 4258 exercitu
2707 4210 2739 4249 F
2766 4207 2814 4252 13

587 4271 817 4311 exercitus
847 4271 884 4310 F
916 4270 958 4312 5.
994 4270 1035 4312 G
1067 4272 1108 4312 8.
1139 4272 1184 4313 4.
1217 4273 1267 4321 5;
1300 4271 1526 4313 exercitui
1555 4282 1671 4313 corr.
1702 4273 1943 4313 exercitati
1974 4274 2017 4314 D
2038 4276 2085 4323 13
2118 4275 2358 4315 exercitati
2388 4271 2549 4316 A‘sset
2572 4272 2668 4323 ‘49
2694 4275 2812 4314 eom,

586 4329 640 4368 B.
674 4327 709 4370 C
739 4330 779 4370 5.
811 4331 854 4370 D
890 4330 961 4371 11.
994 4329 1035 4370 G
1069 4331 1094 4370 2
1126 4341 1148 4370 e
1177 4341 1292 4372 corr.
1327 4331 1380 4380 63
1427 4330 1472 4373 b.
1507 4331 1604 4372 sive
1637 4331 1923 4372 exercituum
1953 4332 1990 4372 F
2024 4333 2047 4372 1
2082 4343 2103 4374 e
2133 4345 2266 4387 corn,
2299 4339 2337 4375 et
2368 4334 2431 4373 ica
2462 4334 2499 4374 F
2533 4335 2572 4376 2.
2603 4333 2645 4374 8.
2674 4331 2711 4369 4·
2772 4354 2775 4357 -
