2984 4917
557 371 625 421 44
1011 372 1228 425 PAULI
1267 372 1615 425 HISTORIA
1654 374 2321 427 LANGOBARDORUM.

560 541 713 605 dum
767 540 1136 604 Bethmann
1194 540 1440 606 Romae
1497 540 1900 623 versabatur,
1954 542 2246 607 inveniri
2302 564 2436 606 non
2483 551 2787 627 poterat3

560 624 757 691 Arch.
801 623 952 704 XII,
988 647 1061 723 p.
1105 624 1232 688 344
1251 636 1294 687 ¹.

724 704 1033 772 Flammis
1077 708 1441 791 consumpti
1481 716 1672 772 sunt:

726 790 1313 856 Londiniensis
1363 792 1603 857 Cotton.
1638 792 1797 856 Otho
1826 790 1906 856 A.
1946 792 2041 873 10,
2086 792 2161 855 in
2202 814 2326 878 quo
2356 790 2791 858 Aethelwerdi

561 877 915 941 chronicon
971 884 1030 938 et
1072 876 1404 939 Historiae
1446 875 2035 961 Lanqobardorum
2090 875 2245 941 libri
2300 897 2431 958 seco,
2491 878 2788 941 ‘charac-

558 960 802 1025 teribus
861 960 1154 1042 antiquis
1207 967 1265 1021 et
1318 958 1833 1045 eleyantissimis'
1888 958 2284 1046 leqebantur,
2341 969 2488 1025 teste
2547 960 2788 1041 Smith,

567 1044 706 1111 Cat.
751 1041 894 1110 bibl.
946 1040 1206 1124 Cotton„
1261 1040 1468 1106 Occon.
1520 1041 1698 1123 1647,
1732 1066 1806 1128 p.
1850 1043 1951 1108 67.

731 1125 1305 1190 Londiniensis
1353 1125 1592 1191 Cotton.
1633 1125 1919 1192 Vitellius
1948 1128 2025 1192 Ε.
2068 1126 2155 1209 ΙΙ,
2203 1128 2317 1211 qui
2346 1129 2539 1191 etiam
2566 1128 2785 1214 Fraq-

561 1219 839 1275 mentum
903 1211 980 1275 de
1042 1209 1304 1296 reyibus
1360 1210 1801 1292 Francorum,
1866 1209 1945 1275 G.
1988 1209 2388 1289 Alexandri,
2452 1210 2787 1295 Daretem,

565 1295 930 1359 Historiam
975 1293 1360 1375 Romanam,
1406 1293 1547 1358 alia
1588 1294 1969 1359 continebat.
2053 1295 2150 1359 Ib.
2185 1317 2257 1380 p.
2302 1294 2403 1360 95.

732 1379 1100 1442 Bethmann
1135 1387 1483 1462 praeterea
1526 1387 1831 1481 quotquot
1872 1380 2167 1443 invenire
2199 1388 2463 1463 poterat
2491 1380 2788 1443 codicum

567 1463 984 1547 antiquorum
1029 1463 1298 1528 notitias
1343 1483 1596 1525 summa
1638 1462 1761 1528 dili
1808 1465 1983 1527 entia
2027 1460 2295 1548 colleyit,
2340 1485 2506 1548 quas
2550 1463 2661 1527 ubi
2690 1464 2788 1527 ad

562 1546 764 1611 libros
808 1554 1023 1609 nostro
1053 1555 1328 1629 tempore
1358 1556 1644 1610 servatos
1674 1485 1915 1631 reerre
1944 1546 2175 1610 licebat
2204 1568 2415 1631 supra
2460 1546 2787 1630 indicavi-

564 1644 748 1711 νινε,
793 1626 1073 1714 reliquos
1101 1651 1250 1693 vero
1293 1630 1561 1703 codices,
1608 1651 1766 1716 quos
1809 1639 1975 1694 certo
2021 1652 2367 1715 aqnoscere
2398 1629 2788 1717 plerumque

565 1714 905 1799 nequimus
947 1721 1063 1776 aut
1103 1713 1469 1796 deperditos
1509 1712 1821 1801 luqemus,
1866 1736 2039 1778 nuno
2080 1714 2295 1799 ipsius
2327 1714 2536 1777 verbis
2566 1737 2785 1779 recen-

562 1820 794 1863 semus.
881 1794 1052 1862 Sunt
1091 1818 1281 1861 vero:
1944 1836 1948 1841 v

734 1879 910 1953 Itali,
964 1889 1235 1963 praeter
1295 1880 1493 1945 Pauli
1554 1882 1774 1945 archet
1868 1904 2015 1945 um:
2095 1880 2601 1947 Casinensis
2663 1880 2783 1945 sub

568 1964 790 2029 abbate
843 1964 1224 2045 Theobaldo,
1291 1966 1406 2028 hoc
1473 1974 1565 2027 est
1622 1987 1685 2027 a.
1735 1966 1764 2026 1
1856 1963 2165 2028 ‘2-1035.
2231 1973 2566 2045 essm-atus,
2631 1973 2783 2030 teste

563 2049 776 2113 Leone
853 2047 1132 2112 Ostiensi
1191 2047 1280 2129 ΙΙ,
1333 2048 1417 2112 53
1482 2047 1643 2131 (SS.
1699 2048 1834 2129 VII,
1885 2071 1963 2133 p.
2008 2048 2206 2127 662);
2298 2046 2784 2113 Casinensis

570 2132 734 2198 alter
775 2131 890 2196 sub
933 2131 1276 2197 Desiderio
1323 2132 1546 2197 abbate
1589 2134 1894 2217 scriptus,
1953 2141 2022 2196 ut
2074 2130 2274 2215 refert
2313 2132 2543 2196 Petrus
2588 2133 2787 2197 Diae.

571 2216 805 2283 Chron.
842 2215 1060 2282 Oasin.
1093 2217 1218 2296 ΙΙΙ,
1247 2214 1331 2280 63
1361 2216 1481 2299 (ib.
1504 2238 1576 2300 p.
1602 2215 1724 2280 746
1743 2240 1763 2280 .·
1810 2215 2164 2279 Historiam
2192 2215 2287 2279 La
2377 2213 2788 2298 ebat-dorum,

567 2298 925 2365 Gothorum
947 2310 1009 2363 et
1029 2298 1489 2364 Wandalorum
1489 2304 1562 2382 ),·
1592 2299 1882 2385 Farfen
1896 2300 2033 2375 sis,
2066 2322 2248 2385 quem
2347 2299 2788 2384 ildeprandus

569 2408 632 2448 a.
662 2383 1015 2449 939-943.
1063 2382 1509 2467 defraudavit,
1555 2393 1702 2447 teste
1748 2382 2066 2467 Gregorio
2104 2382 2437 2449 Catinensi
2480 2382 2639 2465 (SS.
2672 2384 2787 2465 XI,

560 2490 631 2553 p.
664 2468 788 2531 536
819 2470 920 2547 n.)
933 2489 958 2548 ;
1002 2468 1416 2546 Lucensis,
1461 2470 1576 2551 qui
1618 2469 1693 2531 in
1734 2469 2104 2532 inventario
2134 2468 2477 2531 sacristiae
2507 2466 2791 2551 capituli

570 2551 641 2616 S.
675 2551 956 2614 Martini
999 2573 1061 2615 a.
1098 2550 1274 2614 1264.
1300 2548 1490 2633 facto
1537 2551 1764 2633 (Liber
1805 2552 1885 2637 ej.
1910 2554 2113 2635 capit.
2144 2550 2271 2616 LL.
2300 2549 2419 2632 43)
2463 2552 2559 2613 ita
2604 2560 2787 2615 nota-

572 2645 720 2699 tur.-
749 2633 974 2697 Istorie
1006 2631 1593 2719 Longobardorum,
1624 2633 1875 2699 cronica
1901 2634 2115 2714 Bede;
2155 2635 2274 2698 No
2288 2657 2325 2696 υ
2340 2634 2417 2697 al
2428 2636 2455 2698 i
2466 2637 2538 2698 ci
2546 2636 2759 2699 ensis
2770 2681 2786 2716 ,

573 2742 616 2782 a
652 2717 884 2783 Carolo
915 2719 991 2781 de
1020 2718 1227 2783 Lewis
1271 2718 1486 2783 adhuc
1520 2742 1581 2782 a.
1617 2719 1794 2782 1775.
1838 2720 2019 2783 visus
2061 2728 2119 2783 et
2161 2741 2212 2781 s.
2242 2718 2319 2781 X.
2360 2718 2708 2783 attributus
2726 2729 2748 2762 ²
2760 2741 2786 2799 ,·

571 2802 1027 2865 Patavinus
1071 2802 1140 2866 S.
1183 2802 1549 2881 Johannis,
1594 2824 1796 2888 ›quem
1860 2802 2047 2887 affert
2104 2800 2555 2887 Montfaucon,
2616 2800 2787 2867 Bibl.

573 2886 627 2964 I,
667 2908 738 2970 p.
779 2883 942 2949 485.-
985 2882 1168 2949 Pauli
1210 2884 1485 2949 Diaconi
1526 2883 1787 2949 historia
1846 2886 2050 2968 (idem
2071 2884 2365 2970 fortasse
2410 2887 2525 2971 qui
2566 2884 2628 2948 A
2672 2888 2745 2967 6)
2761 2908 2785 2968 ,·

576 2972 666 3035 Ti
675 2971 746 3033 ci
756 2969 1032 3034 nensis
1074 2971 1147 3033 in
1177 2968 1553 3033 bibliotheca
1590 2969 2043 3050 Vicecomitum,
2075 2971 2261 3055 cujus
2290 2970 2630 3054 cataloyus
2659 2979 2787 3033 tres

569 3063 868 3134 recenset,
892 3073 1165 3136 quorum
1187 3052 1352 3116 duos
1374 3055 1544 3116 inter
1565 3052 1971 3117 Parisienses
1992 3056 2277 3139 reperire
2293 3054 2437 3117 licet
2461 3059 2552 3136 (v.
2576 3075 2787 3138 supra

564 3160 638 3223 p.
681 3139 783 3219 35,
825 3136 998 3201 1³2³.
1043 3138 1107 3201 F
1137 3136 1292 3218 2·*),
1334 3140 1561 3201 tertius
1600 3137 1960 3202 Jordanem
2003 3146 2060 3201 et
2100 3137 2380 3201 Paulum
2423 3136 2788 3201 continebat

573 3222 980 3305 (Bethmann
1019 3220 1316 3305 fortasse
1359 3221 1630 3285 eundem
1672 3242 1801 3285 esse
1846 3223 2156 3306 opinatus
2197 3230 2289 3284 est
2330 3220 2443 3305 qui
2491 3224 2564 3286 in
2613 3230 2785 3284 cata-

576 3382 633 3448 1)
673 3382 755 3435 De
792 3381 1041 3433 Urbinate
1074 3382 1174 3433 Nr.
1198 3384 1306 3432 413
1333 3400 1382 3435 v.
1409 3381 1455 3433 J
1475 3384 1553 3436 10.
1706 3381 1764 3449 2)
1801 3381 2073 3432 Anecdota
2105 3398 2283 3441 sacra,
2330 3380 2584 3433 Taurinis
2630 3383 2783 3443 1789,

573 3456 625 3507 I.
657 3455 836 3523 praef.
875 3456 962 3518 34,
1012 3453 1102 3505 ubi
1148 3453 1228 3505 ita
1273 3455 1339 3507 de
1387 3472 1444 3506 eo
1493 3455 1685 3521 refert:
1745 3455 1971 3506 ‘membr.
2009 3472 2051 3507 s.
2089 3454 2156 3504 X.
2194 3453 2251 3505 in
2285 3453 2549 3520 principio
2598 3455 2789 3507 desunt

574 3528 836 3595 quaedam
863 3526 1114 3594 payinae.
1193 3526 1416 3578 Insunt:
1468 3525 1730 3580 orationes
1778 3526 2005 3589 missae3
2055 3526 2111 3579 S.
2150 3526 2467 3594 Bonifacius
2506 3528 2571 3578 de
2599 3526 2786 3593 poeni-

573 3600 768 3663 tentia5
824 3599 1094 3667 Remigius
1133 3598 1517 3652 Novaliciensis
1569 3600 1635 3652 do
1681 3599 1758 3669 09
1795 3608 1843 3652 et
1879 3600 2073 3667 Maqoq
2120 3616 2246 3651 num
2294 3599 2396 3651 sint
2445 3599 2645 3667 Unyari
2697 3600 2789 3667 qui

575 3672 806 3725 Galliam
828 3674 1153 3735 invaserunt,
1191 3672 1264 3723 ad
1302 3672 1679 3725 Vir-dunensem
1704 3672 2029 3740 epi-scopum5
2068 3673 2131 3724 de
2159 3671 2475 3740 ambiyenisss
2511 3674 2577 3725 de
2604 3690 2789 3725 aroma

573 3746 803 3815 ejusdem
839 3744 1064 3812 Remiqii
1077 3764 1094 3807 ,-
1149 3744 1469 3812 epitaphium
1506 3745 1771 3799 Ambrosii
1782 3764 1800 3808 ‚·
1855 3746 2038 3798 Bedae
2073 3744 2185 3797 vita
2221 3743 2280 3796 S.
2323 3744 2565 3814 Greyorii
2574 3763 2593 3809 ,·
2655 3745 2788 3813 Epi-

573 3818 816 3885 taphium
852 3819 1124 3870 Brwnonis
1163 3817 1571 3885 archicpiscopi5
1608 3820 1675 3879 de
1720 3818 2000 3885 Theophilo
2015 3837 2033 3881 ,-
2070 3817 2354 3886 Augustini
2390 3836 2555 3870 sermo
2570 3838 2588 3880 ,·
2640 3818 2787 3871 Vitae

573 3891 677 3944 SS.
735 3891 947 3944 Mariae
1001 3890 1372 3958 Aegyptiacae,
1432 3891 1697 3959 Pelaqiae,
1754 3891 2019 3954 Marinae,
2076 3891 2381 3959 Eufrosiae‚
2443 3889 2788 3954 Camerinam·

583 3962 887 4016 Translatio
925 3964 983 4016 S.
1021 3962 1294 4017 Benedicti
1306 3984 1325 4027 ,-
1359 3963 1721 4031 Hieronymus
1760 3966 1832 4016 ad
1867 3964 2129 4027 Paulam3
2178 3963 2529 4032 Amphilochii
2566 3971 2690 4016 acta
2727 3964 2786 4017 S.

574 4037 772 4089 Basilii
783 4056 801 4100 ,·
849 4037 970 4089 Vita
1009 4036 1064 4089 S.
1103 4036 1445 4105 Hieronymi,·
1493 4036 1615 4090 Vita
1644 4037 1701 4090 S.
1726 4037 1977 4105 Dionysii
2014 4036 2263 4099 Mediol.‚·
2300 4040 2415 4089 Ine.
2454 4044 2608 4104 gesta
2647 4038 2789 4089 Lan-

575 4111 930 4177 gobardorum
973 4127 1256 4177 eorumque
1296 4112 1573 4177 originem.
1648 4113 1761 4163 Ine.
1803 4112 2037 4179 capitula
2074 4112 2196 4163 libri
2234 4113 2403 4179 primi.
2479 4109 2643 4162 Liber
2676 4108 2791 4176 pri·

573 4202 690 4235 mus
728 4185 1006 4249 completus
1047 4192 1148 4245 est,·
1187 4183 1316 4235 liber
1351 4182 1615 4235 secundus
1653 4201 1817 4250 usque
1856 4185 1931 4235 ad
1967 4201 2081 4250 cap.
2125 4186 2210 4235 17.
2249 4191 2296 4235 et
2334 4192 2436 4236 tres
2466 4182 2790 4250 posteriores

572 4255 902 4326 inteliyibiles
941 4256 1014 4322 (2)
1055 4254 1211 4310 sunt’.
1282 4256 1488 4308 Eadem
1510 4258 1634 4322 fere
1667 4256 1727 4308 in
1763 4256 2040 4323 Excerptis
2076 4255 2269 4310 Lewisi
2312 4274 2479 4307 manu
2509 4255 2680 4323 sactis
2730 4256 2791 4307 in

573 4330 731 4383 Arch.
777 4329 998 4382 Taurin.
1037 4327 1309 4393 (Archivio
1347 4328 1467 4381 dele
1509 4330 1850 4395 Economato)
1890 4332 2153 4397 leguntur.
2228 4331 2491 4382 BETHM.
