2984 4917
414 344 637 397 PAULI
679 346 1030 398 HISTORIA
1068 344 1739 400 LANGOBARDORUM.
1817 348 1960 399 LIB.
1998 350 2064 399 V.
2278 349 2381 399 201

136 520 255 592 est,
303 532 666 599 corpusque
711 511 877 577 illius
907 514 1090 578 iuxta
1131 510 1465 577 basilicam
1511 514 1752 578 domini
1784 514 2149 598 Salvatoris,
2198 536 2390 601 quam
2408 540 2526 584 ess?

133 595 430 681 Aripert,
499 598 676 661 eiusa
739 596 1008 682 genitor,
1075 606 1550 680 construxerat,
1627 597 1947 684 sepultum
2019 608 2133 667 est.
2238 600 2394 663 Fuit

133 688 356 744 autem
415 682 692 745 statural‘
752 680 1005 762 decens,
1065 702 1334 766 corpore
1421 680 1597 763 leno,
1657 683 1829 747 mitis
1884 706 2001 769 per
2055 683 2271 747 omnia
2330 693 2393 749 et

136 764 375 827 suavis.
463 766 554 827 At
593 787 746 829 vero
793 764 1188 851 Ounincpert
1227 786 1346 828 rex
1458 765 1832 831 ermelinda⁶
1887 768 2013 831 exd
2057 766 2392 831 Saxonum

135 845 501 933 Anglorum
565 870 798 933 genere
863 849 1052 913 duxit
1116 870 1404 913 uxorem.
1525 848 1708 929 Quae
1727 862 1751 892 θ
1818 872 1967 915 cum
2032 852 2099 914 in
2163 849 2391 916 balneo

136 930 607 1014 Theodotemf‚
651 929 929 1031 puellam
971 954 1056 995 ex
1096 931 1492 997 nobilissimo
1543 934 1977 998 Romanorum
2019 956 2253 1019 genere
2296 955 2393 997 or-

137 1024 271 1079 tam
290 1026 338 1098 8,
405 1014 681 1101 elegant1
735 1038 1003 1101 corpore
1069 1018 1173 1081 eth
1227 1015 1411 1081 flavis
1471 1017 1870 1103 prolixisque
1932 1038 2007 1081 ca
2054 1017 2177 1082 illis
2226 1040 2393 1117 pene

139 1100 378 1185 usquei
440 1100 526 1164 ad
634 1100 786 1165 edes
855 1099 1221 1165 decoratam
1278 1100 1573 1184 vidisset,
1656 1103 1794 1165 eius
1850 1101 2003 1187 pulc
2048 1101 2394 1167 ritudmem

139 1204 259 1247 suo
278 1184 308 1225 ¹²
351 1184 489 1247 viro
615 1184 993 1269 unincperto
1060 1184 1199 1269 regi
1262 1182 1569 1249 laudavit.
1655 1185 1786 1266 Qui
1837 1184 1918 1249 ab
1978 1188 2207 1250 uxore¹
2273 1187 2397 1250 hoc

137 1265 415 1331 libenter
441 1268 666 1333 audire
697 1267 1126 1348 dissimulans,
1170 1268 1237 1330 in
1267 1291 1577 1353 magnum
1614 1278 1831 1333 tamen
1859 1267 2109 1356 puellae
2155 1270 2395 1333 exarsit

135 1364 513 1435 amorem¹¹¹3
572 1374 692 1416 nec
742 1373 954 1435 mora,
1008 1361 1309 1416 venatum
1326 1364 1354 1393 ¹¹
1410 1353 1478 1414 in
1534 1351 1799 1417 silvam⁰
1859 1375 2052 1439 quam
2108 1352 2395 1418 Urbemv

138 1434 467 1521 appellant
508 1436 796 1522 perrexit
837 1457 1184 1535 secumque
1203 1448 1231 1489 *ί
1275 1457 1456 1500 suam
1502 1437 1873 1521 coniugemr
1902 1436 2392 1501 Hermelindam

139 1519 360 1583 venire
391 1521 738 1605 praecepit.
814 1518 946 1599 Qui
988 1519 1223 1585 exlnde
1250 1529 1449 1583 noctu
1477 1520 1831 1606 egrediens,
1876 1520 2172 1584 Ticinum
2202 1520 2394 1603 venit,

141 1612 206 1668 et
247 1602 373 1666 ads
430 1626 498 1667 se
553 1604 949 1668 Theodotem
992 1602 1270 1689 puellam
1313 1605 1532 1668 venire
1574 1604 1833 1686 facienS,
1890 1625 2034 1668 cum
2082 1627 2158 1669 ea
2176 1608 2195 1646 ‘
2248 1625 2396 1667 con-

140 1686 388 1751 cubuit.
474 1688 687 1769 Quam
729 1696 944 1751 tamen
972 1697 1198 1774 postea
1238 1689 1307 1751 in
1350 1689 1825 1769 monasterium,
1872 1688 2043 1774 quod
2074 1688 2153 1753 de
2170 1699 2199 1731 ¹¹
2229 1686 2397 1751 illius

139 1771 400 1835 nomine
442 1772 651 1835 intrav
696 1771 994 1835 Ticinum
1036 1794 1117 1858 ap
1170 1769 1430 1836 ellatum
1477 1782 1623 1854 est1,
1669 1773 1858 1837 misit.

312 1854 414 1919 38.
502 1854 726 1919 Alahis
769 1877 922 1919 vero
952 1856 1083 1920 iam
1157 1856 1356 1920 udum
1387 1866 1768 1942 conceptam
1810 1857 2211 1954 iniquitatem
2301 1878 2397 1919 ar-

139 1938 405 2020 turienS,
449 1938 880 2004 adnitentibus
918 1938 1166 2004 Aldone
1211 1950 1274 2005 et
1319 1938 1697 2004 Grausonew
1742 1940 2083 2004 Bremanis
2128 1940 2254 2002 civi
2300 1962 2395 2019 ue,

143 2022 258 2086 sed
303 2032 369 2087 et
409 2020 550 2088 aliis
595 2022 809 2087 multis
853 2046 938 2088 ex
978 2023 1444 2109 Langobardis,
1505 2022 1738 2088 oblitus
1796 2033 2119 2088 tantorum
2136 2035 2167 2065 ¹
2209 2023 2396 2088 bene-

143 2106 437 2171 ficiorum
507 2130 671 2193 quae
729 2108 800 2170 in
862 2130 1011 2171 eum
1074 2130 1194 2172 rex
1254 2107 1649 2206 Ounincpert
1705 2106 2101 2192 inpenderat,
2162 2104 2395 2170 oblitus

143 2191 339 2254 etiam
382 2190 824 2255 iusiurandum
869 2212 996 2278 quo
1016 2203 1048 2245 Y
1079 2192 1139 2257 ei
1169 2213 1235 2255 se
1278 2189 1718 2255 fidelisslmum
1762 2211 1899 2255 esse
1944 2188 2394 2275 spoponderat,

144 2295 294 2338 cum
360 2273 756 2361 Ounincpert
819 2276 1128 2358 abessetz,
1194 2296 1467 2359 regnum
1534 2274 1671 2339 eius
1736 2282 1801 2338 et
1855 2272 2163 2359 palatium
2227 2272 2397 2335 intra

143 2358 443 2422 Ticinum
471 2360 752 2446 positum
794 2359 1044 2424 invasit.
1130 2358 1323 2440 Quod
1365 2358 1613 2423 Ouninc
1662 2368 1758 2423 ert
1785 2358 1898 2423 ubi
1926 2366 2063 2421 erat
2102 2355 2390 2437 audienS‚

143 2443 362 2506 statim
378 2453 405 2485 ⁸
448 2442 533 2507 ad
575 2441 869 2524 insulam,
918 2465 1081 2542 quae
1123 2445 1292 2507 intra
1348 2442 1559 2506 lacum
1660 2442 1906 2506 ariumb
1949 2462 2080 2504 non
2121 2440 2227 2505 lon
2278 2462 2312 2503 e
2356 2462 2397 2503 a

144 2526 388 2591 Como⁰
432 2538 547 2610 est,
592 2526 878 2612 confugit
935 2527 1154 2612 ibique
1214 2550 1282 2591 se
1303 2530 1332 2569 ⁴¹
1374 2526 1621 2592 fortiter
1674 2526 2109 2591 communivit.
2252 2534 2397 2589 acta

143 2621 242 2675 est
286 2621 502 2675 autem
546 2633 652 2675 ma
699 2633 782 2674 na
839 2609 1164 2677 tribulatio
1224 2611 1522 2676 omnibus
1578 2611 1688 2696 qui
1731 2633 1877 2675 eum
1922 2606 2292 2694 diligebant,
2335 2616 2398 2672 et

141 2695 427 2759 maxime
471 2716 651 2759 sacer
697 2695 908 2761 otibus
953 2705 1016 2760 et
1059 2694 1322 2778 clericiS,
1367 2716 1528 2781 quos
1574 2716 1792 2759 omnes
1834 2692 2101 2758 Alahis⁰
2160 2714 2393 2758 exosos

141 2776 441 2843 habebat.
527 2780 689 2843 Erat
740 2788 956 2843 autem
1015 2801 1091 2843 eo
1133 2790 1424 2865 tempore
1477 2778 1835 2843 Ticinensis
1898 2776 2229 2841 ecclesiae·
2265 2778 2395 2863 epi-

145 2884 252 2926 sco
303 2885 380 2927 us
409 2864 510 2928 vir
529 2863 797 2927 Domini
825 2863 1206 2946 Damianus,
1231 2864 1566 2928 sanctitate
1594 2863 1999 2950 praecipuuS,
2031 2859 2399 2926 liberalibus

141 2956 268 3012 arti
313 2969 392 3011 us
436 2946 826 3012 sufficienter
864 2948 1228 3011 instructus,
1315 2947 1380 3011 Is
1426 2968 1569 3010 cum
1602 2945 1825 3010 Alahis
1869 2944 2179 3030 palatium
2222 2944 2398 3008 inva-

142 3031 303 3095 sisse
345 3032 711 3118 respiceret,
755 3030 871 3095 nef
914 3031 1069 3116 quid
1097 3029 1180 3095 ab
1212 3051 1287 3094 eo
1316 3030 1456 3115 ipse
1485 3028 1594 3094 vel
1623 3040 1785 3093 sua&
1814 3026 2084 3092 ecclesia
2113 3026 2397 3091 adversi¹¹

143 3192 190 3245 a)
223 3195 338 3234 deest
367 3194 404 3234 Β
439 3197 460 3234 1
495 3193 612 3248 (post
644 3205 748 3243 gen.
779 3192 961 3245 suppl).
996 3192 1038 3235 G
1072 3194 1112 3235 2.
1146 3193 1188 3233 3.
1324 3190 1371 3243 b)
1407 3196 1629 3233 staturam
1662 3192 1821 3233 decem
1852 3192 1889 3233 F
1924 3194 1963 3233 1.
2102 3188 2144 3241 c)
2175 3190 2239 3228 ita
2269 3188 2312 3229 A
2344 3192 2394 3238 ις

141 3252 421 3295 armeliaco.
453 3252 495 3295 G
527 3256 579 3303 23
624 3254 974 3295 Hermelindam
1021 3251 1064 3293 A
1097 3254 1139 3294 2.
1175 3251 1222 3293 Ο.
1256 3252 1315 3291 D.
1349 3252 1401 3292 F.
1439 3251 1479 3292 G
1512 3254 1566 3301 43
1612 3250 1962 3292 Hermilendam
1991 3249 2031 3290 A
2063 3250 2119 3298 43
2164 3248 2395 3289 Emelin-

142 3313 248 3353 dam
281 3314 318 3351 B
354 3315 406 3362 23
438 3312 798 3355 Hermelendam
828 3314 866 3353 1¹}
903 3314 953 3363 13
986 3311 1335 3352 Hermizindam
1369 3310 1541 3363 (postea
1572 3308 1789 3362 Hei-mil.)
1823 3310 1865 3350 A
1896 3310 1941 3350 3.
2034 3307 2080 3360 d)
2115 3310 2161 3347 et
2189 3307 2230 3347 A
2262 3308 2305 3348 1.
2342 3328 2395 3337 —-

143 3370 376 3413 Sasonum
424 3370 458 3412 C
489 3368 560 3422 '13
607 3382 861 3412 exasonum
903 3371 1192 3417 Angulorum
1241 3370 1375 3423 (corr.
1405 3367 1678 3421 Anglorum)
1727 3369 1761 3411 C
1798 3370 1836 3412 1.
1986 3366 2030 3420 e)
2064 3366 2233 3416 reliqua
2263 3376 2399 3415 usque

143 3432 202 3471 ad
220 3430 359 3482 finem
388 3430 488 3470 libri
520 3442 600 3471 om.
634 3430 677 3471 A
708 3428 771 3473 ·4.
904 3428 942 3481 f)
973 3430 1261 3471 Theodotam
1295 3428 1329 3470 C
1364 3430 1404 3469 1.
1442 3430 1487 3471 2.
1522 3428 1564 3470 6
1596 3429 1664 3471 50.
1698 3429 1722 3468 1
1756 3430 1804 3477 13
1836 3426 2084 3468 Tendoten
2117 3426 2159 3467 G
2191 3425 2247 3475 83
2276 3424 2397 3466 'Pen-

144 3491 300 3531 dotam
348 3488 391 3530 G
422 3486 482 3529 ⁸5.
632 3488 679 3541 g)
715 3493 816 3530 orta
847 3487 890 3530 G
921 3490 975 3538 23
1025 3492 1233 3529 ornatam
1267 3488 1302 3529 0
1336 3487 1465 3528 1-3.
1499 3489 1522 3528 1
1558 3490 1595 3539 l,
1642 3498 1756 3530 corr.
1806 3490 1952 3526 ortam
1998 3487 2040 3526 D
2076 3486 2117 3526 1.
2172 3506 2225 3515 -
2265 3485 2327 3525 el.
2362 3494 2401 3526 c.

142 3550 230 3591 du.
267 3548 309 3589 G
339 3548 394 3599 Δις
442 3549 504 3591 el.
541 3572 594 3579 —
625 3550 819 3589 vidisset
861 3548 910 3587 in
938 3558 1076 3597 marq.
1108 3548 1248 3597 suppl.
1298 3548 1340 3587 D
1377 3549 1418 3589 1.
1554 3545 1602 3599 h)
1632 3546 1742 3586 dem
1773 3547 1809 3585 F
1843 3548 1867 3586 1
1917 3544 2036 3599 (post
2066 3540 2248 3594 suppa).
2282 3542 2325 3584 G
2358 3544 2398 3583 2.

143 3607 179 3660 i)
211 3620 261 3649 u.
296 3608 356 3647 ad
386 3608 472 3647 dee.
505 3607 547 3648 G
572 3609 611 3649 2.
763 3606 813 3659 k)
845 3606 957 3647 deest
986 3608 1024 3646 Ε
1044 3609 1084 3646 1.
1117 3606 1160 3646 6
1191 3606 1324 3646 2-4.
1375 3628 1427 3636 -
1477 3606 1578 3646 viro
1611 3607 1722 3646 decet
1754 3604 1855 3645 64.
2007 3602 2042 3655 l)
2076 3612 2268 3643 uxorem
2301 3602 2397 3643 01.

148 3690 200 3698 —
234 3668 325 3707 hoc
356 3667 466 3706 dem
500 3666 542 3707 G
573 3667 613 3709 3.
748 3664 812 3717 m)
847 3676 1004 3706 amore
1038 3665 1080 3706 G
1111 3666 1151 3705 2.
1304 3662 1354 3716 n)
1387 3666 1499 3704 deest
1544 3664 1585 3703 A
1618 3666 1659 3705 3.
1812 3661 1858 3715 o)
1890 3664 2010 3703 silva
2056 3661 2097 3701 A
2130 3663 2171 3704 3.
2208 3661 2250 3702 G
2281 3662 2323 3703 2.
2354 3661 2401 3702 3.

144 3724 193 3777 p)
227 3726 403 3767 Urbani
437 3721 556 3767 G‘5.
633 3726 681 3779 q)
715 3735 965 3775 secumque
985 3725 1292 3775 -praecepit
1322 3725 1408 3766 des.
1441 3725 1499 3765 D.
1580 3722 1619 3776 r)
1653 3732 1738 3764 sua
1768 3722 1967 3770 coniuge
1987 3720 2088 3762 68.
2179 3718 2219 3771 s)
2253 3719 2399 3761 aG2.

142 3783 178 3836 t)
211 3782 370 3838 h(a)ec
416 3785 453 3823 F
488 3787 526 3824 1.
576 3784 616 3824 G
649 3786 691 3825 2.
724 3785 766 3826 8.
802 3781 872 3834 ‘53
933 3784 1020 3823 hac
1067 3783 1109 3825 G
1139 3784 1185 3824 4.
1367 3780 1416 3834 u)
1451 3783 1575 3831 quod
1621 3782 1747 3822 illius
1792 3792 1963 3821 nomen
2010 3780 2047 3819 F
2083 3782 2124 3831 13
2181 3790 2226 3829 q.
2274 3779 2401 3819 illius

146 3844 336 3884 nomine
370 3841 412 3884 G
444 3844 485 3882 2.
606 3841 653 3895 v)
687 3842 717 3883 1.
750 3842 804 3884 Τ.
837 3844 924 3883 des.
957 3841 1013 3883 G.
1129 3839 1191 3893 w)
1226 3841 1438 3882 Grasone
1469 3844 1510 3882 A
1531 3843 1570 3893 1,
1603 3852 1717 3881 corr.
1752 3839 1993 3880 Grausone
2022 3840 2065 3879 D
2098 3840 2149 3888 13
2183 3837 2403 3879 Gausone

145 3900 188 3941 A
223 3904 273 3952 23
305 3901 595 3943 Grausonem
627 3902 664 3942 Β
700 3904 741 3942 1.
863 3900 911 3953 x)
947 3904 1180 3942 tantorum
1213 3922 1266 3930 —
1299 3900 1576 3951 inpenderat
1603 3899 1689 3940 des.
1725 3898 1767 3939 G
1799 3895 1869 3948 ‘53
1900 3900 1977 3938 hoc
2007 3898 2100 3937 loco
2124 3896 2267 3947 peu-9⁸3
2300 3895 2401 3937 61.

147 3959 196 4012 y)
231 3962 357 4011 quod
386 3961 427 4001 A
460 3962 503 4001 2.
538 3961 579 4002 8.
611 3962 652 4001 Β
685 3962 726 4002 2.
775 3960 830 4001 P.
865 3959 921 4001 6.
1072 3958 1115 4011 z)
1149 3960 1330 4000 abesset
1379 3980 1430 3988 —
1480 3959 1613 4007 Quod
1643 3960 1731 3998 dee.
1780 3956 1814 3998 C
1850 3959 1890 3998 1.
2045 3955 2089 4008 a)
2118 3957 2229 3995 deest
2262 3953 2311 3995 G.
2341 3954 2400 3995 D.

146 4018 194 4071 b)
227 4021 454 4070 Largium
487 4019 530 4061 G
561 4020 606 4059 4.
730 4016 769 4072 c)
802 4019 981 4067 Quomo
1011 4020 1049 4059 F
1087 4020 1136 4069 13
1170 4017 1313 4059 Cumo
1345 4018 1382 4057 F
1414 4018 1458 4058 4.
1494 4017 1535 4058 G
1570 4017 1699 4059 1—4.
1732 4016 1755 4057 1
1789 4018 1829 4058 1.
1862 4016 1974 4066 1⁴13
2009 4014 2155 4055 Cuma
2186 4012 2229 4054 G
2258 4012 2401 4062 διας

148 4080 322 4121 Cumor
355 4079 395 4120 G
428 4076 502 4130 ‘53
552 4078 852 4119 commacina
880 4080 924 4119 D
958 4079 1009 4128 33
1058 4078 1194 4117 domo
1225 4078 1269 4117 Η
1303 4078 1342 4116 1.
1498 4074 1545 4129 d)
1575 4077 1607 4117 f.
1643 4086 1694 4118 se
1737 4074 1780 4115 A
1812 4072 1875 4116 ’8.
2014 4071 2059 4125 e)
2092 4072 2244 4113 Alihis
2276 4070 2319 4112 G
2350 4073 2401 4121 13

149 4140 258 4179 aliis
289 4150 406 4180 corr.
442 4138 522 4178 alii
553 4137 595 4178 G
629 4140 668 4178 2.
703 4160 756 4168 -
790 4148 831 4178 e.
863 4138 1097 4178 habebant
1129 4136 1171 4177 G
1204 4138 1243 4178 1.
1279 4137 1320 4177 2.
1455 4134 1492 4187 f)
1527 4146 1615 4177 nec
1646 4134 1689 4175 A
1723 4136 1763 4176 1.
1797 4136 1841 4176 2.
1875 4134 1917 4173 4.
1950 4132 1992 4172 5.
2028 4133 2068 4173 6.
2102 4130 2262 4171 ΓΒΔ..
2298 4129 2395 4171 61.

149 4198 260 4248 8.4;
293 4198 411 4249 quod
439 4198 488 4237 in
519 4198 745 4248 archetypo
764 4196 910 4246 finisse
933 4196 1145 4246 putarim.
1166 4216 1217 4226 —
1237 4193 1360 4245 quod
1391 4193 1432 4233 A
1450 4196 1488 4238 2.
1552 4192 1598 4245 g)
1633 4204 1713 4254 sue
1747 4194 1944 4255 ecclesie
1969 4190 2010 4230 A
2029 4191 2071 4230 2.
2132 4187 2181 4240 h)
2215 4190 2325 4229 deest
2343 4188 2405 4236 6,

149 4320 203 4383 1)
245 4314 636 4370 Μοπαοεενίατη
671 4334 716 4368 ε.
756 4314 968 4369 Mariae
1013 4314 1308 4379 Theodotis,
1345 4314 1505 4383 vulgo
1542 4330 1684 4365 ‘nunc
1721 4312 1865 4365 della
1902 4310 2160 4362 Posterla.
2202 4310 2295 4365 BI.
