2984 4917
499 374 717 425 PAULI
756 374 1105 426 HISTORIA
1140 373 1816 426 LANGOBARDORUM.
1891 375 2034 426 LIB.
2073 375 2150 426 11.
2375 375 2446 427 85

212 541 643 607 subiciendam
672 540 965 606 Italiama
994 541 1437 629 dereliquerat.
1507 542 1637 623 Qui
1665 540 2072 606 Buccellinus
2105 564 2251 607 cum
2280 567 2444 630 pene

209 635 403 690 totam
431 625 682 690 Italiam
728 626 1197 712 direptionibus
1238 637 1523 691 vastaret
1564 635 1628 692 et
1657 625 2102 713 Theudeperto
2147 648 2263 691 suo
2307 630 2445 713 regi

206 710 280 774 de
332 711 574 809 praeda
613 708 838 774 Italiae
895 733 1161 775 munera
1212 713 1477 797 copiosa
1522 710 1837 776 conferret
1852 723 1895 793 ¹,
1951 733 2100 775 cum
2143 711 2210 774 in
2256 710 2446 776 Cam-

206 817 393 879 pama
433 793 713 859 hiemare
728 793 757 836 b
804 794 1207 880 disponeret0
1222 844 1237 874 ‚
1291 794 1550 860 tandem
1593 795 1662 860 in
1700 794 1842 859 loco
1888 795 1995 860 cui
2036 795 2397 860 Tannetum
2416 797 2444 838 ‘¹

203 898 430 944 nomen
474 888 571 944 est
586 890 609 924 ²
650 881 837 964 gravi
879 878 1045 944 bello
1090 891 1167 942 ae
1210 880 1480 945 Narsete
1523 889 1860 965 superatus
1879 879 1921 961 f,
1965 880 2283 944 extinctus
2328 890 2442 944 est.

204 962 515 1048 Amingus
535 975 565 1018 8
620 985 772 1028 vero
816 963 973 1027 dum
1017 963 1287 1029 Widinh
1333 962 1696 1029 Gothorum
1753 963 1972 1028 comiti
2015 972 2236 1029 contra
2286 963 2444 1028 Nar-

204 1049 430 1110 setemi
484 1046 820 1112 rebellanti
875 1046 1189 1111 auxilium
1245 1047 1410 1112 ferre
1469 1056 1733 1112 conatus
1778 1047 2033 1130 fuisset,
2091 1048 2346 1133 utrique
2405 1070 2446 1112 a

202 1131 462 1197 Narsete
488 1132 771 1216 superati
793 1141 958 1196 sunt.
1024 1131 1253 1198 Widin
1297 1141 1525 1218 captus
1565 1129 2184 1217 Constantinopolim
2226 1130 2445 1196 exilia-

203 1225 319 1285 tur.
418 1214 741 1300 Amingus
800 1238 973 1296 ver0,
1034 1217 1146 1303 qui
1198 1217 1257 1281 ei
1312 1215 1630 1280 auxilium
1685 1213 2101 1301 praebuerat,
2159 1214 2446 1282 Narsetis

205 1298 411 1382 gladio
471 1300 825 1398 perimitur.
934 1301 1188 1364 Tertius
1245 1321 1502 1386 quoque
1552 1300 1951 1364 Francorum
2003 1299 2140 1363 dux
2189 1301 2445 1364 nomine

204 1382 585 1447 Leutharlus
599 1385 649 1465 ¹³,
673 1381 1030 1448 Buccellini
1050 1407 1416 1469 germanuS,
1462 1382 1617 1447 dum
1638 1382 1876 1448 multa¹
1906 1383 2149 1470 praeda
2178 1395 2446 1449 onustus

204 1466 283 1531 ad
342 1469 676 1553 patriamm
722 1478 985 1553 cuperet
1041 1468 1293 1551 reverti,
1358 1469 1524 1532 inter
1536 1468 1861 1533 Veronam
1914 1477 1978 1531 et
2019 1467 2442 1533 Tridentum¹¹

204 1552 380 1616 iuxta
419 1551 635 1616 lacum
679 1551 1009 1616 Benacum
1021 1564 1065 1599 0·
1083 1565 1108 1599 ³
1152 1574 1269 1638 pro
1317 1553 1415 1616 ria
1456 1563 1663 1616 morte
1707 1551 2044 1616 defunctus
2090 1560 2203 1617 est.

362 1637 422 1700 3.
513 1635 761 1701 Habuit
816 1635 1225 1701 nihilominus
1344 1637 1504 1700 arsis
1569 1646 1894 1702 certamen
1951 1635 2258 1700 adversus
2302 1635 2445 1701 Sin-

202 1717 431 1784 dualdv
479 1719 863 1785 Brentorum
881 1732 925 1774 ‘1-
944 1729 971 1765 ⁴
1013 1743 1252 1806 regem,
1298 1720 1409 1807 qui
1452 1719 1662 1784 adhuc
1705 1720 1784 1784 de
1813 1718 2204 1784 Herulorum
2247 1722 2444 1807 stirpe

203 1814 608 1887 remanserat,
699 1817 851 1868 uos‘
896 1826 1115 1869 secum
1158 1805 1227 1868 in
1269 1801 1523 1869 Italiam
1541 1815 1563 1846 ⁵
1606 1805 1871 1869 veniens
1915 1804 2065 1868 olim
2081 1808 2101 1847 t
2146 1803 2447 1870 Odoacar

205 1886 577 1953 adduxerat.
747 1890 853 1952 uic
907 1889 1131 1953 Narsis
1203 1888 1475 1954 fideliter
1538 1887 1663 1953 sibi
1738 1889 2016 1974 primum
2077 1888 2449 1955 adhaerenti

202 2096 244 2149 s)
275 2099 381 2138 deest
410 2101 455 2138 D
492 2099 531 2137 2.
622 2095 670 2148 b)
707 2097 1011 2147 campaniam
1042 2107 1251 2138 remeare
1285 2096 1326 2138 G
1359 2098 1400 2138 2.
1495 2095 1538 2148 c)
1573 2097 1801 2146 disposuit
1833 2096 1866 2136 C
1887 2093 1948 2137 ·1.
1987 2098 2030 2136 1.
2064 2097 2107 2136 D
2144 2099 2183 2138 1.
2278 2095 2325 2148 d)
2358 2099 2444 2138 'ra-

202 2161 352 2198 netum
392 2158 431 2197 A
470 2157 511 2200 3.
544 2157 588 2196 4.
637 2155 671 2197 C
707 2159 746 2196 1.
779 2157 802 2196 1
836 2161 889 2206 15
933 2156 1210 2196 Tamnetum
1257 2155 1298 2194 A
1330 2153 1391 2196 ⁸3.
1428 2155 1469 2197 G
1503 2153 1564 2207 ·3,
1597 2167 1618 2195 e
1658 2168 1771 2196 corr.
1824 2154 1865 2195 G
1897 2157 1949 2204 35
1991 2157 2290 2196 Tar-mentum
2322 2157 2365 2196 D
2401 2158 2440 2196 1.

203 2215 241 2256 G
272 2219 319 2265 25
351 2217 633 2257 'ramentum
667 2215 707 2256 G
742 2218 783 2256 1.
818 2215 868 2266 55
898 2216 1165 2256 ‘rametam
1194 2216 1231 2254 F
1266 2218 1315 2264 15
1362 2215 1639 2254 Tamnetam
1669 2216 1706 2254 F
1737 2215 1794 2263 45
1836 2215 2062 2254 Tamneta
2092 2215 2129 2253 F
2162 2215 2212 2263 25
2259 2215 2443 2256 Tanne-

201 2278 289 2314 tam
316 2277 353 2315 F
385 2275 441 2326 55
475 2276 693 2314 Tametus
724 2275 763 2314 L
799 2277 849 2324 15
882 2275 1139 2316 cannetum
1170 2275 1193 2314 1
1226 2275 1267 2325 3,
1300 2279 1337 2312 et
1366 2275 1430 2313 ita
1459 2278 1674 2312 corrector
1703 2272 1746 2312 A
1778 2273 1819 2325 2,
1851 2275 1926 2322 qui
1955 2274 2128 2323 adjecitz
2175 2284 2271 2312 non
2302 2275 2443 2323 longe

200 2343 226 2372 a
253 2334 365 2374 kasa.
394 2335 551 2375 Marii.
644 2332 689 2384 e)
723 2335 782 2373 sd
812 2335 849 2373 F
884 2336 921 2377 1.
1014 2332 1055 2386 f)
1087 2336 1399 2382 superatus-
1421 2343 1449 2371 a
1478 2333 1671 2372 Nat-sete
1713 2332 1799 2372 dee.
1831 2332 1874 2371 D
1893 2333 1915 2371 1
1953 2333 2069 2384 (post
2097 2331 2274 2384 suppl).
2306 2333 2349 2372 D
2370 2334 2441 2374 la.

200 2390 243 2443 ε)
272 2393 501 2443 Amingus
538 2416 590 2424 —
635 2394 858 2433 exiliatur
886 2394 972 2432 des.
1007 2393 1048 2433 G
1080 2393 1124 2433 4.
1257 2389 1305 2442 h)
1338 2391 1513 2432 Widim
1555 2393 1593 2431 B
1627 2392 1674 2440 25
1717 2390 1909 2432 Windin
1937 2392 1975 2430 B
2009 2391 2051 2431 3.
2081 2392 2124 2431 D
2159 2392 2201 2432 3.
2234 2393 2280 2431 4.
2327 2393 2366 2431 E
2401 2394 2442 2443 1,

197 2457 234 2491 οε
262 2465 356 2492 moa:
401 2455 437 2494 G
472 2449 535 2493 ‘1.
572 2454 612 2494 1.
646 2455 685 2494 3.
721 2454 757 2491 F
792 2454 833 2494 1.
880 2451 921 2493 G
956 2453 997 2492 1.
1032 2451 1076 2492 3.
1108 2447 1172 2492 ⁸5.
1204 2450 1273 2492 50.
1308 2451 1351 2490 H
1385 2453 1435 2500 15
1478 2450 1639 2491 Windi
1669 2451 1712 2489 D
1747 2451 1787 2491 1.
1820 2450 1844 2488 Ι
1876 2450 1926 2498 35
1975 2449 2150 2490 Guidin
2197 2450 2232 2492 C
2266 2451 2308 2492 2.
2342 2451 2366 2490 Ι
2398 2452 2441 2492 3.
2519 2451 2523 2454 ’

201 2508 233 2559 i)
262 2511 458 2553 Nax-sete
489 2513 526 2551 F
562 2513 601 2550 1.
718 2509 769 2562 k)
802 2511 1115 2551 Leuthaurius
1148 2510 1189 2549 A
1208 2512 1259 2559 15
1290 2510 1593 2549 Liuthuarius
1624 2511 1663 2549 B
1699 2511 1749 2559 15
1780 2508 2069 2550 Leuthardus
2101 2509 2136 2549 C
2171 2511 2212 2550 1.
2248 2511 2298 2560 25
2328 2509 2444 2551 Leu-

200 2569 364 2610 therius
393 2573 439 2611 D
476 2570 519 2610 3.
669 2568 703 2621 l)
737 2571 928 2610 multam
974 2570 1165 2620 predam
1211 2571 1248 2608 F
1282 2572 1335 2620 15
1379 2581 1423 2612 v.
1472 2568 1533 2608 ad
1561 2579 1606 2618 p.
1642 2579 1681 2608 c.
1727 2580 1767 2608 r.
1815 2569 1903 2609 des.
1945 2569 1988 2608 D
2023 2570 2046 2608 1
2096 2568 2211 2620 (post
2255 2568 2442 2621 summ).

199 2627 258 2680 m)
287 2631 439 2680 patria
471 2631 508 2669 F
543 2631 583 2670 1.
622 2651 673 2660 —
706 2627 883 2678 eupiret
911 2630 948 2668 F
967 2630 1008 2670 1.
1044 2629 1085 2669 G
1118 2630 1158 2672 1.
1197 2629 1238 2668 3.
1361 2627 1405 2680 n)
1439 2627 1726 2668 Tridendum
1758 2626 1792 2668 C
1811 2628 1862 2677 15
1891 2627 2115 2668 Trentum
2145 2629 2198 2667 F.
2232 2627 2272 2668 G
2291 2631 2336 2668 1.
2368 2626 2440 2677 ’35

201 2687 435 2729 'trientum
470 2689 512 2730 G
542 2689 594 2737 43
627 2689 881 2728 Tarentum
914 2687 955 2728 G
988 2689 1029 2726 2.
1062 2688 1105 2727 5.
1229 2686 1275 2738 ο)
1307 2688 1547 2727 Benocum
1578 2686 1621 2726 A
1653 2687 1694 2728 2.
1815 2685 1864 2738 p)
1901 2686 2131 2726 sinduald
2160 2699 2275 2726 corr.
2308 2687 2439 2728 Sind-

199 2749 331 2788 uuald
362 2748 403 2790 G
436 2749 493 2798 45
540 2747 735 2788 Sindual
780 2747 823 2786 A
855 2748 898 2790 3.
930 2743 1003 2796 ’35
1045 2745 1301 2788 sindualdo
1333 2748 1371 2786 B
1407 2748 1457 2795 15
1501 2745 1714 2786 Silduald
1744 2744 1787 2784 A
1820 2747 1874 2795 15
1919 2745 2124 2786 Slduald1
2144 2745 2178 2786 C
2213 2743 2275 2796 ·1‚
2317 2759 2436 2786 corr.

200 2803 375 2847 Sisuald
402 2809 449 2847 D
485 2808 536 2857 15
569 2804 870 2858 Sisualdmm)
903 2807 1029 2845 celeri
1057 2807 1116 2846 D.
1148 2805 1192 2844 H
1227 2807 1279 2855 15
1312 2804 1479 2845 Sisuad
1509 2805 1554 2844 H
1583 2806 1636 2854 35
1668 2804 1860 2845 Sidualo
1892 2805 2022 2856 G4b3
2054 2805 2222 2845 Iduald
2252 2804 2436 2846 01-8.

201 2862 243 2914 q)
274 2867 564 2907 Brendorum
593 2867 634 2905 A
666 2862 727 2904 ⁸2.
756 2866 794 2904 L
815 2867 862 2914 15
892 2866 1165 2905 Brebtorum
1197 2865 1231 2905 C
1253 2868 1294 2906 1.
1330 2865 1369 2904 2.
1402 2865 1446 2906 4.
1478 2863 1521 2906 5.
1552 2865 1595 2904 D
1629 2865 1680 2913 15
1711 2865 2036 2904 Brettonorum
2065 2865 2102 2903 F
2121 2865 2160 2903 1.
2194 2863 2294 2906 Gl.
2313 2866 2354 2907 2.
2373 2860 2436 2907 ’3.

199 2923 221 2962 1
250 2926 288 2967 1.
324 2927 400 2975 1b3
451 2926 756 2966 Bretenorum
789 2923 830 2964 G
861 2925 903 2965 3.
938 2925 991 2974 43
1035 2924 1357 2964 Brettanorum
1388 2924 1425 2963 F
1456 2923 1510 2972 45
1551 2924 1787 2963 Britomm
1818 2921 1859 2961 A
1891 2923 1934 2964 5.
1967 2925 2018 2972 65
2058 2924 2283 2963 Brionum
2317 2923 2359 2964 G
2390 2923 2434 2965 5.

201 2980 237 3033 r)
267 2995 402 3033 quem
434 2983 479 3024 A
508 2981 575 3025 ⁸2.
610 2984 665 3024 8?
698 2983 771 3025 5b.
808 2982 872 3032 G;
903 2984 989 3033 qui·
1014 2981 1056 3021 A
1088 2983 1130 3024 5.
1165 2983 1207 3024 6.
1330 2980 1371 3034 s)
1401 2983 1544 3022 Italia
1573 2982 1610 3020 F
1645 2985 1685 3024 1.
1720 2982 1761 3023 G
1795 2984 1836 3022 1.
1959 2978 1994 3033 t)
2027 2982 2161 3021 solim
2186 2987 2288 3031 post
2319 2994 2433 3025 corr.

200 3042 341 3082 solum
374 3044 485 3096 (itaz
519 3041 889 3094 solumodoacsr)
922 3041 963 3081 A
997 3043 1037 3093 1,
1068 3052 1187 3081 corr.
1221 3042 1333 3081 olim
1363 3042 1401 3080 B
1436 3043 1480 3082 1.
1512 3041 1618 3090 F13
1651 3042 1721 3081 sol
1752 3041 1922 3080 duabus
1954 3041 2107 3080 litteris
2137 3042 2276 3080 erasis
2306 3040 2348 3080 A
2381 3043 2434 3092 25

201 3101 480 3142 solummodo
512 3101 712 3142 acharad
742 3102 937 3141 duxerat
965 3100 1006 3141 A
1038 3100 1088 3149 55
1122 3101 1411 3140 solummodo
1443 3099 1615 3140 acarad
1645 3100 1840 3140 duxerat
1867 3099 1908 3139 A
1927 3099 1977 3148 65
2009 3101 2296 3140 solummodo
2331 3101 2436 3140 odo-

202 3160 333 3200 achar
362 3162 533 3202 addux.
567 3161 605 3200 E
639 3162 689 3210 15
722 3160 1011 3200 solummodo
1044 3159 1171 3198 acati
1202 3160 1371 3200 addux.
1404 3159 1441 3197 F
1474 3158 1526 3208 55
1573 3158 1862 3198 solummodo
1895 3168 2050 3198 secum
2083 3158 2252 3198 addux.
2286 3157 2329 3196 A
2359 3155 2430 3209 ‘23

202 3219 329 3260 simul
359 3230 499 3260 accat
528 3220 699 3261 addux.
731 3219 766 3260 C
797 3220 851 3268 45
884 3219 1027 3259 simili
1058 3217 1192 3257 modo
1226 3228 1335 3258 acar
1368 3216 1530 3269 (achar
1561 3216 1595 3258 C
1629 3217 1670 3256 2.
1703 3218 1724 3256 1
1758 3215 1802 3266 1)
1834 3215 1987 3257 addux
2017 3216 2052 3257 C
2085 3213 2150 3258 ‘1.
2187 3219 2227 3257 1.
2263 3218 2302 3260 2.
2333 3217 2358 3256 1
2391 3219 2432 3269 1,

200 3287 305 3322 corr.
338 3290 375 3321 s.
404 3290 471 3320 m.
502 3278 713 3319 odoacer
742 3280 785 3319 D
821 3280 861 3331 1,
893 3283 931 3318 st
959 3278 1024 3317 ica
1053 3278 1178 3316 ceteri
1208 3278 1279 3326 D3
1311 3288 1427 3326 quos
1458 3287 1495 3318 s.
1528 3276 1717 3315 Italiam
1746 3275 1942 3316 veniens
1972 3275 2139 3315 addux.
2170 3276 2207 3314 F
2240 3277 2281 3316 2.

205 3465 253 3528 1)
288 3465 441 3518 Haec
490 3482 555 3518 ex
610 3465 766 3533 G'rcq.
830 3465 958 3515 Tur.
1008 3455 1125 3526 III,
1179 3464 1268 3515 32.
1318 3471 1494 3513 sumta
1543 3461 1812 3515 videntur.
1896 3461 2105 3513 Paulus
2145 3469 2433 3528 praeterea

203 3539 359 3590 alium
400 3538 640 3606 sequitur
689 3547 973 3601 auctorem,
1006 3539 1249 3603 fortasse
1298 3534 1622 3587 Secundum.
1775 3532 1833 3601 2)
1871 3532 1960 3586 Ad
2007 3533 2158 3601 ripas
2212 3533 2434 3587 Casilini

190 3611 443 3675 flmninis,
503 3610 597 3678 qui
634 3619 682 3663 et
732 3612 1025 3662 Vulturnus
1081 3610 1305 3673 dicitur,
1366 3609 1612 3660 bellinum
1653 3606 1850 3675 fuisse,
1907 3617 2110 3660 constat
2147 3625 2212 3660 cx
2269 3607 2432 3661 citato

202 3683 430 3751 Aqatlzia
486 3685 574 3736 lib.
636 3683 718 3749 II,
776 3685 939 3748 4-9,
997 3685 1243 3751 locusque
1298 3681 1568 3750 inscriptis
1628 3680 1952 3733 carminibus
2007 3682 2330 3752 celebratus,
2373 3691 2433 3734 ut

204 3756 567 3811 Constantinus
605 3758 1000 3826 Porphyroycn.
1056 3755 1117 3808 in
1172 3758 1325 3809 them.
1364 3754 1586 3822 Imperii
1629 3755 1805 3807 Orien.
1844 3754 1935 3808 lib.
1976 3754 2060 3820 II,
2116 3757 2270 3808 ihm.
2333 3757 2396 3805 11
2414 3774 2431 3807 τ

209 3826 295 3882 τὸν
320 3829 379 3884 δὲ
406 3831 717 3885 Βουτελίνον
740 3827 1164 3900 κατεπολέμησεν
1198 3824 1230 3882 ὃ
1263 3827 1483 3902 Ναρσῆς
1520 3824 1670 3901 παρὰ
1697 3824 1791 3880 τὸν
1813 3824 2058 3898 ποταμὸν
2081 3826 2434 3882 Κασουλῖνον.

204 3903 393 3956 Locum
445 3914 619 3957 autem
680 3902 905 3957 Tamneti
954 3923 989 3955 a
1040 3904 1214 3955 Paulo
1263 3911 1606 3955 memoratum
1657 3902 1934 3969 assignare
1982 3919 2064 3954 mc
2111 3920 2220 3954 non
2252 3919 2430 3968 posse,

200 3976 413 4045 inqenue
445 3981 653 4046 fateor.
704 3980 801 4032 131.
887 3977 972 4030 De
1009 3977 1138 4028 urbe
1186 3977 1324 4028 inter
1359 3976 1612 4026 Parmam
1650 3984 1698 4027 et
1735 3975 1958 4043 Reqium
2007 3974 2113 4027 sita
2162 3974 2259 4026 alii
2294 3974 2433 4043 coyt*-

204 4057 396 4104 tarunt.
566 4051 627 4120 3)
665 4051 755 4103 Ad
812 4052 991 4102 urbem
1040 4049 1319 4113 Ocncclam,
1379 4049 1478 4112 vel,
1537 4058 1596 4098 ut
1651 4047 1829 4100 scribit
1884 4047 2144 4116 Aqathias
2203 4047 2310 4113 (II,
2353 4048 2432 4114 3),

206 4122 462 4177 Genesam.
502 4127 598 4177 BI.
728 4125 789 4192 4)
829 4124 1002 4176 Iidem
1023 4124 1261 4192 sortasse
1286 4121 1380 4188 qui
1413 4123 1649 4174 Breones
1685 4124 1771 4174 vel
1804 4121 2032 4174 Briones
2071 4123 2430 4188 appellantur,

202 4194 257 4247 in
281 4198 501 4265 Alpibus
528 4197 741 4251 Noricis
767 4197 1094 4258 habitoentes5
1133 4197 1199 4250 dc
1236 4196 1425 4262 quibus
1462 4197 1533 4263 cf.
1571 4195 1779 4262 Jaeyer,
1809 4193 1916 4248 SR.
1959 4197 2014 4247 d.
2065 4195 2226 4247 Wien.
2252 4194 2429 4246 Akad.

203 4269 378 4335 XLII,
422 4290 484 4340 p.
526 4274 631 4324 361
673 4289 783 4340 sqq.
875 4271 926 4323 A
962 4271 1137 4323 Paulo
1194 4270 1483 4322 Erulorum
1537 4285 1726 4321 nomen
1760 4267 1840 4320 ita
1897 4285 2005 4321 esse
2061 4269 2430 4334 depravatum,

204 4343 310 4396 sinc
345 4363 511 4398 causa
546 4347 733 4398 statuit
770 4345 933 4399 Zeuss
963 4363 1023 4412 p.
1064 4345 1191 4396 484.
