2984 4917
319 1839 395 1895 Ἰ).
429 1845 531 1886 178.

555 398 660 447 222
843 397 1065 449 PAULI
1102 397 1448 449 HISTORIA
1487 398 2157 452 LANGOBARDORUM.
2232 400 2379 453 LIB.
2419 356 2517 453 VI.

556 565 820 629 Troiani
879 565 1155 629 creditur
1218 564 1571 651 appellatus
1592 578 1634 648 ¹,
1700 566 1821 631 sub
1884 568 2143 632 nomine
2207 570 2467 633 maioris
2533 568 2796 632 domnia

553 648 821 735 gerebat
860 650 1310 734 principatum.

723 733 824 797 24.
911 733 1163 797 Mortuo
1195 755 1447 818 quoque
1477 742 1636 818 aput
1658 733 1940 797 Foroiuli
1970 734 2198 799 Adone
2216 736 2264 819 Β,
2321 758 2514 821 quem
2546 736 2797 801 dixera-

556 840 700 881 mus
718 825 742 859 ²
771 817 1326 880 lociservatorem⁰
1355 817 1573 898 fuisse,
1597 817 1975 881 Ferdulfusd
2005 818 2308 882 ducatum
2337 822 2638 905 suscepit,
2728 823 2794 885 ui

557 900 637 965 de
678 901 964 986 partibus
1004 899 1079 965 Li
1129 901 1347 964 uriae⁶
1394 901 1623 982 extitit,
1677 900 1866 965 homo
1910 901 2193 967 lubricus
2237 912 2300 967 et
2356 903 2576 967 elatuS.
2728 908 2796 968 ui

556 984 710 1048 dum
752 985 1056 1049 victoriae
1115 983 1347 1048 audem
1377 983 1457 1047 de
1489 983 1735 1049 Sclavis
1753 984 1775 1027 f
1815 985 2050 1049 habere
2094 988 2295 1071 cupiit
2307 998 2354 1069 8,
2399 1010 2639 1071 magna
2670 990 2789 1054 sibi

553 1077 617 1132 et
659 1066 1060 1133 Foroiulanis
1114 1067 1488 1132 detrimenta
1516 1068 1780 1133 invexit.
1866 1070 2033 1133 Hish
2076 1072 2361 1155 praemia
2405 1072 2790 1156 quibusdam

554 1152 802 1217 Sclavis
832 1151 1024 1233 dedit,
1067 1161 1139 1215 ut
1181 1154 1531 1235 exercitum
1562 1150 1936 1216 Sclavorum
1978 1155 2046 1215 in
2085 1154 2310 1218 eadem
2363 1156 2793 1239 provinciami

555 1258 671 1300 sua
732 1236 1171 1299 adhortatione
1189 1237 1220 1278 ¹¹
1279 1237 1690 1301 inmitterent.
1779 1237 1967 1317 Quod
2010 1238 2101 1301 ita
2159 1260 2411 1324 quoque
2470 1240 2794 1303 effectum¹

554 1329 666 1385 est.
757 1318 1020 1383 Causam
1063 1330 1276 1384 autem
1327 1342 1600 1404 magnae
1618 1333 1623 1341 '
1644 1322 1711 1383 in
1754 1320 1977 1385 eadem
2020 1320 2407 1385 Foroiulana
2464 1325 2793 1407 provincia

553 1403 929 1490 perditionis
985 1404 1108 1467 ista
1159 1404 1296 1467 fuit.
1387 1404 1728 1468 Inruerunt
1783 1403 2121 1469 latrunculi
2166 1404 2543 1469 Sclavorum
2600 1429 2793 1492 super

598 1500 826 1573 reges1¹
885 1496 949 1551 et
1050 1495 1288 1553 astores
1344 1488 1577 1570 ovium,
1640 1510 1803 1587 quae
1822 1499 1847 1530 ⁰
1890 1490 1960 1553 in
2019 1511 2239 1553 eorum
2291 1490 2526 1553 vicinia
2569 1512 2789 1576 pasce-

553 1511 802 1654 fiantun
856 1580 920 1635 et
1019 1593 1052 1634 e
1111 1574 1202 1635 eis
1259 1571 1530 1656 praedas
1586 1572 1984 1657 ab1geruntv.
2084 1572 2476 1638 Subsecutus
2536 1585 2633 1639 est
2673 1574 2789 1639 hos

551 1665 761 1720 rector
799 1654 924 1718 loci
966 1654 1156 1736 illius,
1217 1678 1408 1741 quem
1427 1668 1454 1708 ‘1
1502 1654 1857 1719 ‘sculdahis'
1874 1668 1897 1698 ¹·
1940 1656 2158 1743 lingua
2245 1659 2459 1742 ropria
2501 1657 2727 1722 dicunt
2744 1670 2787 1741 ³,

550 1740 652 1803 vir
692 1738 924 1802 nobilis
977 1740 1318 1824 animoque
1375 1748 1438 1803 et
1491 1738 1736 1803 viribus
1778 1750 2036 1824 potens3
2096 1680 2242 1805 sedp
2257 1750 2472 1805 tamen
2529 1742 2786 1807 eosdem

554 1822 940 1887 latrunculos
983 1827 1007 1852 *
1025 1823 1289 1908 adsequi
1331 1845 1460 1886 non
1488 1824 1715 1907 potuit.
1804 1822 1927 1887 Cui
1970 1824 2202 1889 exinde
2232 1826 2607 1890 revertentis
2656 1825 2790 1889 dux

523 1906 924 1973 'Ferdulfust
969 1906 1224 1972 obviam
1267 1905 1472 1970 factus
1507 1918 1620 1972 est.
1708 1906 1916 1986 Quem
1947 1908 2099 1972 dum
2142 1909 2579 2007 interrogaret,
2627 1910 2784 1995 quid

551 1991 630 2055 de
673 1989 798 2055 illis
839 1989 1207 2055 latrunculis
1248 1990 1484 2056 factum
1503 2004 1530 2033 ¹¹
1576 1999 1758 2072 esset,
1803 1989 2075 2076 Argaitv
2119 1994 2178 2055 ei
2225 2033 2297 2041 ——
2331 1994 2423 2056 sic
2468 2016 2640 2057 emm
2682 2016 2790 2057 no-

549 2098 698 2139 men
740 2073 1017 2139 habebat
1044 2116 1145 2158 —‚
1192 2075 1449 2141 eosdem
1478 2076 1717 2161 fugisse
1730 2088 1791 2156 W,
1830 2075 2177 2162 respondit.
2223 2078 2405 2140 Tunc
2437 2078 2499 2139 ei
2524 2078 2789 2142 Ferdul-

549 2158 652 2223 fus
680 2158 1018 2243 indignans
1047 2160 1138 2221 ita
1181 2158 1432 2223 locutus
1474 2168 1599 2223 est:
1678 2160 1971 2239 ‘Quando
2016 2170 2088 2225 tu
2126 2159 2371 2245 aliquid
2412 2160 2662 2225 fortiter
2702 2161 2790 2225 fa-

527 2264 693 2309 cere
784 2252 1036 2341 oteras,·
1054 2244 1164 2327 qui
1191 2242 1424 2327 Argait
1463 2244 1543 2308 ab
1589 2256 1787 2328 arga4
1829 2266 2063 2307 nomen
2093 2242 2473 2307 deductum¹
2516 2242 2736 2310 habes'
2754 2246 2785 2309 ‘?

552 2326 675 2391 Oui
720 2327 732 2340 ⁸
785 2350 819 2390 e
863 2348 1148 2391 maxlma
1191 2327 1548 2392 stimulatus
1576 2328 1691 2407 ira,
1736 2337 1807 2391 ut
1850 2337 1985 2392 erat
2012 2330 2112 2392 vir
2151 2327 2351 2410 fortiS‚
2394 2330 2484 2392 ita
2524 2352 2630 2393 res
2686 2352 2790 2393 on-

550 2410 674 2474 dit:
761 2409 891 2474 ‘Sic
940 2410 1161 2476 vellit?
1204 2411 1417 2493 Densa,
1475 2421 1548 2475 ut
1596 2432 1725 2473 non
1780 2420 1967 2475 antea
2023 2432 2142 2496 ego
2202 2421 2266 2475 et
2316 2420 2403 2495 tu,
2460 2412 2598 2475 dux
2701 2436 2788 2478 er-

549 2493 741 2569 dulfe‚
787 2516 1089 2559 exeamus
1133 2494 1212 2559 de
1255 2494 1374 2557 hac
1413 2496 1564 2574 vita,
1612 2516 1804 2579 quam
1848 2505 2237 2579 cognoscant
2278 2495 2406 2577 alii,
2461 2498 2606 2582 quis
2663 2510 2785 2562 ex²

547 2578 733 2642 nobis
796 2580 1002 2663 magis
1069 2587 1166 2641 est
1231 2576 1420 2663 arga'.
1529 2578 1711 2642 Haec
1776 2600 1923 2642 cum
1981 2578 2103 2642 sibi
2158 2581 2431 2644 invicem
2494 2580 2789 2667 vulgaria

548 2662 745 2726 verba
785 2661 980 2726 locuti
1020 2660 1306 2742 fuissent,
1353 2663 1624 2745 contigit
1655 2684 1787 2726 non
1828 2671 1975 2749 post
2015 2661 2247 2727 multos
2289 2663 2448 2745 dies,
2492 2674 2567 2728 ut
2610 2687 2788 2730 exer-

489 2753 508 2777 ““
546 2746 712 2808 citus
758 2743 1131 2809 Sclavorum
1145 2756 1190 2826 a,
1235 2767 1350 2830 pro
1366 2747 1393 2787 ¹³
1425 2767 1694 2830 quorum
1738 2746 2018 2810 adventu
2047 2747 2183 2811 dux
2223 2747 2562 2812 Ferdulfus
2605 2771 2789 2834 prae-

548 2869 595 2923 a)
624 2872 688 2909 ita
719 2871 760 2911 A
794 2871 922 2910 1—4.
954 2873 993 2911 B
1027 2874 1069 2911 2.
1100 2872 1137 2910 F
1158 2873 1196 2913 1.
1228 2873 1272 2913 4.
1309 2871 1509 2921 61-4;
1540 2874 1679 2912 domu
1708 2873 1746 2913 Ε
1767 2875 1814 2921 1;
1847 2874 2009 2927 domus
2036 2871 2079 2912 A
2110 2870 2173 2925 ‘2‚
2204 2874 2295 2915 alii.
2414 2872 2461 2926 b)
2494 2874 2681 2915 Aldone
2711 2876 2788 2917 11.

547 2927 590 2981 c)
623 2931 715 2969 loci
746 2933 977 2970 servatore
1006 2932 1043 2970 F
1077 2933 1116 2969 1.
1151 2930 1192 2971 G
1224 2932 1264 2972 1.
1300 2932 1342 2970 2.
1463 2930 1512 2982 d)
1543 2932 1786 2972 Feldulfus
1819 2932 1853 2973 C
1885 2928 1955 2982 '13
1993 2932 2205 2973 Fredulf.
2238 2931 2278 2972 G
2310 2933 2351 2973 3.
2382 2934 2427 2972 4.
2552 2932 2596 2985 e)
2627 2934 2791 2984 Ligui·

546 2990 616 3029 rie
645 2990 682 3029 F
717 2991 756 3028 1.
905 2988 942 3041 f)
976 2988 1154 3029 Sclabis
1184 2990 1221 3029 F
1254 2992 1296 3031 1.
1331 2989 1372 3031 6
1403 2993 1442 3029 1.
1478 2992 1529 3039 2;
1575 2990 1752 3031 Selavis
1789 3013 1841 3022 —
1872 2992 2145 3040 quibusdam
2176 2992 2263 3031 dee.
2296 2991 2338 3032 G
2369 2992 2410 3032 8.
2444 2993 2487 3033 4.
2641 2990 2692 3045 g)
2723 2994 2788 3033 ita

543 3046 586 3087 A
619 3050 663 3088 1.
697 3045 760 3089 *2.
793 3050 836 3089 4.
869 3050 907 3089 E
943 3050 983 3090 1.
1015 3050 1052 3088 F
1088 3051 1126 3090 1.
1159 3050 1204 3088 4.
1238 3048 1281 3089 G
1314 3051 1353 3087 1.
1387 3051 1436 3098 23
1469 3050 1595 3099 cupit
1626 3052 1767 3089 ceteri.
1888 3049 1936 3102 h)
1968 3051 2033 3089 ita
2064 3050 2104 3089 A
2138 3052 2176 3089 1.
2208 3052 2244 3089 F
2277 3054 2333 3100 13
2364 3052 2411 3091 Is
2440 3055 2531 3092 cett.
2652 3051 2691 3102 i)
2723 3054 2786 3091 ita

542 3107 585 3147 A
619 3109 659 3149 1.
694 3109 734 3147 2.
766 3109 808 3147 D
841 3109 879 3149 1.
927 3110 965 3147 Ε
1001 3109 1038 3147 1.
1084 3109 1121 3147 F
1158 3112 1198 3151 1.
1246 3107 1288 3149 G
1319 3110 1360 3150 1.
1395 3110 1435 3159 2,
1482 3120 1596 3148 corr.
1629 3110 1822 3149 eandem
1854 3110 2140 3157 provinciam
2186 3109 2229 3147 D
2264 3111 2373 3156 l,-et
2402 3110 2467 3148 ita
2498 3110 2539 3150 A
2572 3106 2635 3150 ·2.
2668 3112 2709 3151 Β
2744 3112 2786 3152 2.

543 3168 669 3207 ceteri
698 3168 756 3208 D.
790 3168 815 3207 I
843 3170 898 3217 13
947 3168 1108 3207 eadem
1139 3168 1381 3217 provincia
1425 3168 1466 3207 A
1497 3169 1539 3207 4.
1589 3168 1623 3207 C
1656 3169 1697 3207 2.
1745 3168 1787 3208 6
1821 3169 1861 3207 2.
1896 3169 1937 3209 3.
1986 3168 2010 3206 Ι
2044 3170 2097 3217 23
2144 3168 2341 3208 eandem
2371 3170 2615 3218 provincia
2660 3170 2709 3209 Η
2741 3172 2782 3211 1.

543 3224 592 3275 k)
623 3237 752 3266 suam
783 3227 820 3265 F
854 3229 895 3267 1.
932 3226 973 3267 G
1005 3228 1044 3265 1.
1080 3248 1132 3255 —-
1167 3226 1492 3266 adoracionem
1526 3226 1624 3267 G3.
1658 3228 1714 3275 43
1748 3236 1877 3265 suam
1910 3226 2245 3268 adortationem
2276 3224 2439 3277 D*3a;
2470 3227 2786 3269 adolationem

545 3286 580 3325 C
615 3287 668 3335 13
700 3285 965 3325 adulatione
998 3286 1031 3326 C
1065 3286 1106 3329 2.
1226 3284 1261 3337 1)
1293 3285 1482 3326 effectus
1513 3286 1566 3326 F.
1601 3284 1665 3335 G3
1697 3285 1867 3325 factum
1900 3286 1934 3327 C
1968 3287 2009 3325 2.
2041 3286 2080 3326 Ε
2115 3287 2165 3335 1;
2197 3285 2329 3333 Quod
2361 3308 2415 3317 —
2448 3290 2517 3327 est
2547 3287 2634 3329 dee.
2668 3288 2709 3326 F
2740 3288 2782 3327 5.

543 3342 606 3395 m)
641 3344 917 3385 causantem
963 3344 1005 3384 A
1038 3346 1096 3394 13
1154 3344 1350 3385 Causam
1383 3356 1424 3384 a.
1468 3346 1506 3384 F
1541 3347 1583 3384 1.
1634 3344 1675 3384 G
1709 3346 1747 3384 1.
1782 3346 1823 3385 2.
1988 3342 2039 3396 ιι)
2073 3355 2260 3393 gregem
2308 3345 2342 3386 C
2376 3346 2416 3385 1.
2448 3345 2524 3386 4b.
2572 3345 2631 3385 D.
2681 3346 2707 3385 1
2740 3347 2782 3386 2.

545 3402 590 3454 o)
625 3404 704 3451 qui
734 3404 772 3443 B
807 3404 848 3444 2.
881 3403 931 3445 C.
963 3403 1020 3442 D.
1051 3405 1075 3442 Ι
1109 3404 1160 3453 23
1190 3414 1304 3453 quas
1338 3403 1379 3443 G
1410 3404 1453 3443 3.
1588 3401 1637 3453 p)
1672 3404 1885 3443 abierunt
1914 3402 1956 3442 A
1987 3405 2029 3444 3.
2063 3404 2099 3442 F
2138 3406 2174 3446 1.
2206 3405 2256 3453 23
2288 3405 2517 3443 abuerunt
2545 3404 2585 3443 Ε
2619 3406 2672 3454 13
2704 3405 2782 3445 ha·

543 3462 732 3501 bierunt
759 3460 800 3500 A
831 3464 881 3512 23
928 3463 1219 3512 depraedatis
1250 3473 1328 3502 eos
1359 3463 1605 3502 habierunt
1638 3462 1680 3503 G
1711 3462 1763 3511 33
1808 3464 1952 3511 preda
1982 3463 2241 3511 sibigerunt
2272 3462 2313 3502 G
2343 3464 2395 3512 43
2440 3464 2703 3511 abegerunt
2732 3464 2782 3505 O.

545 3520 607 3559 D.
640 3520 663 3559 1
697 3522 737 3561 l.
855 3518 903 3571 q)
935 3532 1025 3570 que
1057 3519 1116 3573 (ἲ)
1148 3522 1185 3560 F
1219 3524 1259 3564 1.
1378 3518 1417 3572 r)
1451 3521 1675 3561 scultahis
1709 3520 1750 3561 G
1781 3521 1919 3571 5a-e3
1964 3522 2195 3561 scoldahis
2224 3521 2265 3561 A
2297 3522 2351 3570 23
2384 3522 2643 3561 sculdaehis
2676 3523 2703 3563 1
2734 3524 2784 3571 23

547 3579 752 3617 sculdaiz
783 3579 892 3629 023
923 3580 1175 3619 scluldaizo
1209 3580 1244 3621 C
1275 3576 1336 3619 *1.
1373 3581 1414 3622 1.
1449 3580 1490 3620 G
1522 3581 1563 3619 3.
1594 3579 1618 3619 1
1651 3582 1690 3630 1,
1722 3591 1833 3623 corr.
1866 3581 2067 3620 sculdais
2098 3581 2140 3619 D
2174 3584 2213 3631 1,
2245 3585 2283 3619 et
2311 3580 2375 3619 ita
2404 3580 2447 3620 A
2479 3580 2539 3622 ’2.
2572 3580 2611 3620 Β
2630 3583 2703 3624 la.
2741 3582 2781 3621 2.

545 3638 670 3676 ceteri
699 3638 758 3677 D.
790 3638 900 3687 1³53
931 3639 1148 3679 seluldais
1179 3638 1220 3677 A
1251 3639 1294 3680 4.
1417 3637 1457 3690 s)
1489 3640 1555 3678 hic
1586 3639 1739 3678 desinit
1770 3638 1804 3679 C
1837 3636 1897 3679 *1.
2018 3636 2055 3690 t)
2085 3640 2331 3679 Fredulfus
2364 3638 2537 3679 Gli—4
2568 3640 2645 3679 hoc
2676 3642 2783 3681 loco.

545 3692 594 3745 u)
625 3697 774 3735 factus
812 3697 850 3734 F
884 3698 922 3737 1.
1074 3696 1121 3749 v)
1151 3697 1328 3746 Argaid
1375 3696 1416 3738 G
1445 3696 1525 3747 5c3
1570 3698 1737 3745 Arguit
1782 3698 1823 3738 G
1856 3700 1905 3748 23
1951 3699 2143 3747 Eragait
2186 3697 2228 3738 G
2258 3698 2313 3747 33
2357 3696 2552 3747 Aregait
2599 3697 2641 3738 G
2669 3700 2716 3751 4,
2746 3704 2783 3738 et

539 3759 693 3803 postea
723 3754 848 3793 etiam
881 3753 921 3794 G
952 3756 1007 3805 33
1038 3758 1202 3805 Ergait
1231 3759 1272 3797 D
1308 3759 1358 3806 2;
1389 3757 1531 3806 Agait
1558 3758 1596 3795 F
1628 3758 1682 3807 53
1712 3757 1872 3805 Argau
1904 3756 1938 3797 O
1969 3758 2052 3806 4b3
2102 3756 2298 3805 Argahit
2327 3756 2364 3795 L
2399 3759 2448 3806 13
2479 3756 2609 3805 Arga
2638 3758 2708 3798 ait
2734 3758 2781 3798 ei

544 3814 581 3852 F
615 3815 686 3853 2a.
722 3834 773 3841 —
809 3814 854 3853 ei
883 3814 992 3853 deest
1025 3814 1064 3855 G
1096 3816 1136 3855 3.
1287 3813 1348 3866 w)
1381 3815 1525 3857 fuisse
1569 3814 1612 3855 A
1644 3816 1684 3856 3.
1729 3817 1766 3855 F
1798 3817 1868 3856 2a.
1925 3815 1965 3855 G
1993 3816 2037 3855 3.
2067 3817 2109 3857 4.
2264 3813 2314 3868 x)
2348 3816 2622 3855 deducatum
2661 3817 2705 3856 A
2736 3818 2777 3857 2.

545 3874 592 3923 y)
623 3872 689 3911 ita
718 3871 761 3911 A
794 3873 834 3911 1.
865 3872 902 3910 F
935 3875 975 3911 1.
1011 3872 1050 3913 G
1084 3876 1134 3923 13
1164 3876 1278 3915 velit
1305 3875 1444 3915 ceteri.
1568 3873 1611 3927 z)
1644 3885 1703 3915 ex
1733 3886 1778 3915 n.
1811 3876 1896 3916 cles.
1930 3874 1972 3914 A
2004 3876 2045 3916 2.
2167 3873 2213 3927 a)
2246 3873 2516 3915 Sclaborum
2546 3875 2643 3918 Fi.
2677 3874 2775 3915 61.

543 3929 592 3983 b)
624 3942 708 3981 per
737 3929 780 3970 A
812 3932 862 3980 23
894 3942 978 3980 per
1010 3954 1062 3962 —
1095 3933 1295 3973 adventa
1326 3934 1367 3973 G
1400 3934 1528 3978 1—3.

547 4024 601 4091 1)
640 4026 792 4078 Haec
827 4026 950 4078 item
987 4026 1234 4094 leguntur
1268 4028 1326 4078 in
1365 4030 1497 4079 libro
1534 4029 1599 4079 de
1638 4028 1893 4094 episcopis
1931 4026 2275 4079 Mettensibus
2314 4046 2350 4079 a
2386 4028 2558 4080 Paulo
2596 4037 2772 4081 nostro

544 4101 742 4165 scripta
793 4101 854 4165 (l.
896 4101 930 4151 l.
971 4117 1034 4165 p.
1076 4101 1226 4165 264).
1323 4101 1609 4153 Notandus
1668 4111 1841 4153 tamen
1888 4101 2165 4168 praesenti
2214 4102 2384 4167 capite
2438 4101 2775 4153 continuatus

541 4172 685 4224 illius
725 4192 872 4225 error
909 4191 973 4225 eoo
1011 4173 1332 4225 antecedenti
1369 4193 1413 4225 s.
1451 4173 1663 4242 Arnuffi
1689 4184 2043 4241 praepostera
2079 4175 2404 4239 chronotaaei‚
2441 4175 2638 4241 quippe
2664 4173 2771 4225 Απ-

543 4246 668 4311 chis,
706 4248 792 4299 vel
824 4244 1128 4313 Ammims,
1169 4253 1228 4296 nt
1265 4248 1385 4298 aliis
1423 4247 1635 4312 dicitur,
1684 4254 1803 4299 ante
1826 4249 2005 4315 filium
2039 4247 2333 4314 Pippinum
2383 4249 2455 4299 ad
2492 4248 2768 4315 superiora

543 4326 777 4384 tempora
815 4330 889 4371 est
925 4321 1294 4372 retrahendus.
1372 4322 1462 4373 BI.
1613 4321 1671 4388 2)
1712 4322 1838 4387 Cap.
1880 4325 1929 4374 3.
2080 4321 2139 4388 3)
2182 4320 2261 4387 Of.
2302 4321 2471 4374 Gloas.
2504 4321 2619 4373 LL.
2658 4319 2761 4382 IV,

529 4408 594 4457 p.
636 4393 758 4445 655.
907 4392 967 4461 4)
1009 4392 1088 4459 Of.
1127 4392 1381 4445 Betharis
1427 4394 1576 4447 edict.
1617 4414 1658 4447 c.
1699 4396 1825 4444 381.
