2984 4917
498 386 571 436 30
960 385 1186 439 mum
1224 385 1574 439 ms'romA
1610 345 2285 439 Lmoossfflnossnu.

499 552 907 634 adservatus,
949 553 1126 617 unde
1167 553 1517 617 recentiori
1558 560 1813 616 tantum
1854 561 2135 641 tempore
2178 575 2325 618 cum
2374 561 2465 618 tot
2500 555 2733 638 pretio-

497 637 774 702 sissimis
803 637 1119 702 historiae
1146 636 1515 701 Francicae
1542 639 1975 700 monumentis
2001 637 2278 702 Romam
2308 637 2601 704 devectus
2626 647 2732 720 est,

497 719 613 785 ubi
641 729 800 805 post
826 721 1314 784 Betbmannum
1357 720 1474 785 hoc
1520 741 1700 785 anno
1736 728 1795 786 et
1821 721 1965 805 ipse
1992 743 2063 786 eo
2094 744 2255 786 usus
2284 744 2448 786 sum.
2526 719 2732 787 Codeoe

495 813 570 868 ut
599 805 899 888 primum
941 812 1261 869 exaratus
1301 812 1444 867 erat
1471 805 1783 889 prou-ime
1826 804 1919 868 ad
1966 803 2024 870 C
2051 805 2216 869 1-3
2260 807 2531 870 accessit
2572 806 2733 891 (for-

497 897 666 952 tasse
710 909 790 952 eoe
825 886 883 954 C
899 889 968 950 *1
1014 889 1436 972 descriptus),
1479 889 1674 953 etiam
1714 887 1813 969 VI,
1842 886 1947 952 52.
1976 887 2079 952 53.
2109 890 2186 954 in
2199 889 2342 972 fine
2379 889 2729 971 collocavit,

485 982 840 1057 praeterea
882 970 1120 1073 ubique
1143 969 1298 1056 fere
1326 980 1641 1035 vetustam
1667 970 1826 1038 libri
1830 971 2135 1058 formam
2141 1022 2162 1056 ,
2192 995 2459 1059 eamque
2486 973 2730 1038 mendis

499 1077 699 1140 quam
728 1055 1044 1140 plurimis
1102 1077 1442 1140 aspersam
1478 1053 1815 1140 praebuit.
1900 1055 2036 1122 Sed
2089 1067 2474 1122 correctores
2506 1055 2732 1142 plures

499 1161 551 1202 s.
574 1138 652 1202 Χ.
683 1148 741 1204 et
767 1139 872 1202 XI
882 1150 926 1202 ¹.
1017 1141 1231 1204 riscae
1273 1139 1786 1225 orthoqraphiae
1814 1149 1873 1204 et
1910 1138 2007 1204 lin
2056 1162 2185 1205 uae
2218 1138 2333 1204 vul
2380 1144 2521 1206 aris
2558 1143 2733 1206 vesti-

545 1223 620 1287 ia
660 1222 898 1304 tollere,
977 1245 1234 1287 acunas
1287 1222 1567 1308 emplere,
1625 1246 1793 1310 quae
1842 1225 1977 1288 inte
2060 1234 2167 1288 ctu
2210 1225 2324 1310 dif
2363 1225 2523 1290 cilia
2562 1223 2731 1290 vide·

539 1315 745 1370 antur
784 1329 864 1372 eae
913 1305 1149 1371 lanare
1192 1309 1413 1372 conati
1444 1315 1622 1388 sunt,
1655 1317 2008 1392 praeterea
2035 1310 2109 1372 in
2138 1311 2445 1395 margine
2472 1311 2737 1394 saepius

500 1391 758 1480 qlossas
802 1413 845 1454 a
879 1393 1202 1477 jecerunt.
1270 1391 1351 1455 In
1383 1413 1513 1477 quo
1543 1393 1802 1477 negotio
1831 1414 2125 1456 nonnum
2169 1416 2325 1457 uam
2354 1393 2487 1457 alio
2524 1393 2735 1456 codice

503 1475 726 1566 adjuti
757 1473 1031 1560 fuerint
1088 1484 1367 1560 oportet,·
1424 1497 1559 1539 non
1605 1497 1841 1559 pauca
1891 1499 2039 1542 vero
2138 1499 2171 1540 e
2212 1479 2483 1563 inqenio
2535 1485 2735 1541 muta-

499 1567 763 1639 verunt,
842 1559 1263 1624 addiderunt.
1387 1555 1571 1634 Quae
1642 1561 1715 1623 in
1791 1557 1958 1624 alios
2029 1559 2263 1624 multos
2336 1562 2741 1625 transierunt

499 1643 774 1726 codices,
801 1665 960 1728 quos
988 1643 1134 1707 ideo
1163 1642 1281 1706 sub
1310 1644 1501 1729 siquo
1528 1642 1599 1705 D
1627 1664 1748 1707 con
1768 1644 2121 1744 ‘ungendos
2150 1645 2340 1708 duoei.
2397 1644 2741 1729 Plerosque

499 1736 737 1808 tamen,
781 1750 927 1794 cum
970 1727 1062 1790 ad
1101 1728 1464 1813 qenuinam
1499 1726 1704 1790 Pauli
1769 1735 2073 1792 ectionem
2115 1728 2583 1794 restituendam
2611 1751 2742 1814 pa-

499 1833 649 1876 rum
693 1819 811 1875 aut
851 1810 1026 1878 nihil
1064 1833 1172 1876 eos
1213 1811 1571 1876 conducere
1601 1809 1820 1894 facile
1862 1820 2021 1876 esset
2063 1810 2404 1893 intellectu,
2458 1811 2745 1898 singulis

497 1904 754 1961 tantum
815 1894 984 1960 locis
1037 1896 1484 1980 inspiciendos
1540 1917 1671 1959 esse
1725 1905 1890 1960 recte
1944 1896 2287 1982 judicavit
2348 1896 2739 1962 Bethmann.

502 1978 648 2054 Quo
685 1977 956 2064 factum
1009 1989 1124 2062 est,
1179 1987 1252 2043 ut
1303 1980 1500 2043 etiam
1559 1979 1635 2043 de
1690 2001 1913 2044 eorum
1968 1981 2357 2066 coynatione
2398 1982 2551 2066 jam
2608 2002 2740 2046 non

497 2063 738 2149 ubique
781 2072 948 2128 certo
992 2064 1238 2128 certius
1290 2063 1575 2127 'udicari
1610 2067 1841 2148 possit.

664 2147 968 2212 Proxime
1014 2148 1108 2212 ad
1147 2147 1217 2210 D
1254 2086 1297 2211 i
1335 2147 1636 2214 accedere
1678 2147 1939 2212 videtur

667 2232 807 2318 (33)
851 2231 921 2294 D
954 2232 1082 2295 ΙΨ·
1145 2231 1826 2317 Rothomaqensis
1854 2232 1982 2295 Nr.
2013 2229 2115 2294 28.
2146 2229 2249 2312 27,
2282 2230 2432 2296 olim
2466 2229 2747 2296 Gemme-

495 2317 760 2380 ticensis
817 2313 877 2378 G
920 2315 1024 2396 21,
1073 2315 1330 2379 membr.
1370 2315 1507 2398 fol.
1552 2337 1601 2380 s.
1645 2314 1771 2396 XI,
1826 2317 1945 2399 qui
1999 2315 2204 2379 solum
2247 2314 2451 2379 Pauli
2506 2314 2748 2380 librum

498 2399 800 2476 continet,
860 2398 1070 2462 tribus
1112 2399 1416 2464 manibus
1472 2399 1955 2484 conscriptum,·
2002 2407 2237 2485 postea
2292 2399 2545 2464 demum
2589 2399 2750 2464 aliis

501 2483 763 2546 assutis.
850 2482 1113 2546 Desinit
1166 2480 1266 2563 VI,
1324 2483 1386 2547 3.
1438 2482 1779 2570 (tenuisse)
1837 2484 1915 2547 in
1957 2483 2176 2547 media
2215 2485 2509 2569 payina.
2597 2483 2667 2546 D
2710 2484 2748 2546 1

498 2575 632 2630 tam
673 2564 964 2650 fideliter
1016 2566 1355 2650 empressit,
1410 2575 1484 2630 ut
1540 2589 1584 2630 a
1635 2577 1771 2632 erto
1826 2589 2045 2634 errore
2096 2566 2631 2715 etia‘gifflqlossam
2672 2569 2755 2632 in

497 2658 740 2714 teoetum
784 2648 948 2732 (III,
992 2649 1068 2730 9)
1113 2651 1428 2735 receperit
1438 2671 1464 2730 ,·
1511 2675 1543 2714 c
1581 2701 1597 2718 .
1641 2651 1731 2714 N.
1775 2651 1973 2718 Arch.
2020 2651 2075 2732 I,
2171 2696 2187 2714 .
2361 2697 2377 2712 .

667 2731 807 2820 (34)
851 2733 919 2794 D
963 2733 1060 2796 1¹¹.
1147 2732 1729 2798 Bruxellensis
1767 2735 1895 2799 Nr.
1944 2733 2106 2800 1839
2160 2743 2208 2815 ³,
2268 2734 2422 2798 olim
2471 2733 2754 2800 Trunci-

499 2819 776 2898 niensis,
839 2826 1074 2902 postea
1130 2817 1543 2883 bibliothecae
1600 2817 1947 2882 Lammens
2000 2817 2465 2885 Gaudavensis
2514 2817 2755 2884 illatus

500 2899 624 2984 (qs.
668 2901 867 2966 Arch.
923 2901 1059 2980 VII,
1154 2947 1169 2963 .
1215 2901 1394 2984 341),
1440 2901 1698 2966 membr.
1742 2922 1795 2964 s.
1838 2902 1991 2984 XII,
2036 2901 2097 2966 8.
2186 2903 2523 2967 Historiae
2568 2903 2759 2968 Lan-

498 2984 940 3070 gobardorum
973 2984 1069 3048 ad
1114 2987 1212 3049 ita
1243 2995 1398 3050 sunt
1423 2985 1588 3050 liber
1626 2984 1895 3050 Victoris
1933 2985 2207 3050 Vitensis
2250 2995 2309 3053 et
2337 2986 2763 3053 Arianorum

500 3067 822 3152 confessio
878 3091 1021 3132 cum
1078 3069 1478 3154 refutatione
1534 3069 1920 3155 Auyustini.
2007 3070 2268 3135 Indices
2299 3093 2431 3155 per
2472 3071 2583 3135 sin
2634 3071 2761 3135 ula

499 3154 727 3238 capita
748 3155 993 3239 sparsi.
1024 3153 1396 3218 Bethmann
1406 3155 1826 3239 praecipuas
1845 3153 2166 3236 lectiones,
2191 3153 2365 3218 alias
2387 3094 2766 3220 DrJIZuer

498 3239 801 3302 enotavit.
867 3237 1048 3302 Inter
1091 3259 1258 3323 quas
1300 3260 1444 3302 una
1485 3245 1577 3302 est
1618 3237 1773 3320 (IV,
1803 3237 1943 3318 22),
2030 3259 2157 3302 uae
2198 3239 2481 3304 codicem
2526 3247 2600 3303 ut
2646 3239 2764 3304 hic

484 3343 824 3406 ponamus
853 3321 1088 3385 suadet
1099 3344 1124 3403 ;
1155 3321 1457 3406 quamvis
1493 3320 1629 3386 alio
1649 3319 1787 3386 loco
1818 3327 1853 3404 (
1854 3321 1902 3384 I
1931 3321 1972 3384 2
2015 3324 2215 3403 )cum
2237 3321 2363 3386 D3
2385 3324 2765 3388 conveniat.

665 3402 805 3491 (35)
851 3404 919 3466 D
948 3404 1008 3467 2.
1075 3405 1357 3470 Parisi
1369 3429 1460 3470 en
1475 3407 1595 3470 sis
1636 3405 1763 3469 Nr.
1794 3369 1983 3487 5852,
2030 3405 2183 3470 olim
2209 3405 2485 3470 Nicolai
2511 3406 2761 3488 Favre,

495 3487 750 3553 membr.
794 3509 846 3550 s.
877 3486 992 3568 XI,
1037 3488 1243 3553 solum
1274 3488 1561 3554 Paulum
1603 3491 1907 3555 continet.
1986 3487 2187 3563 Quem
2215 3492 2368 3575 jam
2398 3499 2549 3554 ante
2579 3491 2762 3575 plus

496 3593 695 3720 3335}
731 3570 1072 3719 ῗῗηῗῗῖἒῖθ
1114 3571 1167 3638 *³
1191 3572 1525 3720 ..ἶέἶῩἬἝ
1554 3595 1728 3720 “2²⁶3
1756 3573 2557 3740 ”issssssussffiffissssi⁸zissl²ssff
2583 3597 2765 3722 32⁶.ss

499 3739 673 3823 (III,
720 3738 817 3802 18.
862 3738 1174 3805 lacunam
1219 3739 1404 3804 habet
1432 3762 1581 3805 cum
1608 3738 1733 3806 reli
1776 3743 1881 3805 uis
1912 3742 2112 3842 hujus
2140 3739 2372 3805 classis
2415 3742 2760 3807 codicibus

499 3844 930 3987 commu33m;
983 3823 1106 3904 IV,
1151 3821 1253 3886 21.
1310 3825 1523 3890 verbis
1581 3827 1657 3888 in
1760 3847 1833 3890 oc
1878 3827 2135 3890 omissis
2178 3823 2318 3889 alia
2360 3820 2467 3889 illi
2508 3825 2758 3890 substi-

497 3914 762 3972 tuerunt
801 3954 816 3970 .

504 4044 558 4111 1)
600 4044 676 4097 N.
715 4042 877 4097 Arch.
917 4045 966 4108 I,
995 4062 1058 4110 p.
1099 4045 1224 4108 545,
1261 4044 1655 4096 Bethmamnum
1693 4053 1916 4107 secutus,
1958 4045 2023 4096 de
2060 4061 2167 4096 uno
2206 4051 2408 4094 tantum
2450 4051 2755 4096 correctore

498 4117 632 4181 dixi,
671 4119 766 4170 sed
793 4120 984 4185 plures
1021 4117 1396 4170 discernendos
1423 4134 1548 4181 esse,
1578 4126 1705 4183 post
1730 4118 1905 4169 codice
1940 4117 2173 4183 inspecto
2211 4114 2463 4179 intellexi,
2502 4113 2596 4183 qui
2634 4125 2757 4168 tam

498 4191 795 4244 litterarum
816 4192 1008 4258 forma
1032 4208 1194 4257 quam
1231 4199 1523 4242 atramento
1562 4190 1715 4242 modo
1752 4191 1905 4258 niyro
1942 4191 2096 4242 modo
2120 4190 2283 4256 fusco
2320 4191 2458 4242 inter
2494 4206 2551 4242 sc
2587 4188 2755 4256 diffc-

496 4273 642 4316 runt.
792 4262 852 4331 2)
893 4264 963 4316 N.
1002 4263 1201 4316 Archiv
1239 4262 1288 4328 I,
1322 4281 1380 4330 p.
1420 4265 1546 4314 546.
1592 4264 1688 4315 sub
1725 4262 1873 4330 siqno
1913 4263 1968 4314 D
2010 4265 2039 4313 7
2078 4264 2363 4316 indicatus.
2516 4263 2574 4328 3)
2613 4261 2755 4314 Non

503 4336 698 4402 18477,
736 4346 796 4389 ut
832 4337 996 4389 Arch.
1047 4337 1207 4400 VIII,
1239 4354 1300 4403 p.
1344 4337 1468 4388 546.
1509 4337 1762 4402 scriptum
1802 4345 1894 4389 est.
