<?xml version="1.0" encoding="UTF-8"?>
<!DOCTYPE html PUBLIC "-//W3C//DTD XHTML 1.0 Transitional//EN"
    "http://www.w3.org/TR/xhtml1/DTD/xhtml1-transitional.dtd">
<html xmlns="http://www.w3.org/1999/xhtml" xml:lang="en" lang="en">
 <head>
  <title>
</title>
<meta http-equiv="Content-Type" content="text/html;charset=utf-8" />
  <meta name='ocr-system' content='tesseract 3.04.00' />
  <meta name='ocr-capabilities' content='ocr_page ocr_carea ocr_par ocr_line ocrx_word'/>
</head>
<body>
  <div class='ocr_page' id='page_1' title='image "./scriptoresrerum05unkngoog_0062.png"; bbox 0 0 2984 4917; ppageno 0'>
   <div class='ocr_carea' id='block_1_1' title="bbox 613 349 2555 440">
    <p class='ocr_par' dir='ltr' id='par_1_1' title="bbox 613 349 2555 440">
     <span class='ocr_line' id='line_1_1' title="bbox 613 349 2555 440; baseline -0.001 -2"><span class='ocrx_word' id='word_1_1' title='bbox 613 388 682 438; x_wconf 69' lang='lat'>52</span> <span class='ocrx_word' id='word_1_2' title='bbox 711 349 717 355; x_wconf 34' lang='lat'>.</span> <span class='ocrx_word' id='word_1_3' title='bbox 745 364 757 379; x_wconf 49' lang='grc'><em>’</em></span> <span class='ocrx_word' id='word_1_4' title='bbox 923 386 1144 439; x_wconf 85' lang='lat' dir='ltr'>PAULI</span> <span class='ocrx_word' id='word_1_5' title='bbox 1182 386 1531 440; x_wconf 80' lang='lat' dir='ltr'><strong>HISTORIA</strong></span> <span class='ocrx_word' id='word_1_6' title='bbox 1570 385 2244 439; x_wconf 81' lang='lat' dir='ltr'>LANGOBARDORUM.</span> <span class='ocrx_word' id='word_1_7' title='bbox 2322 386 2467 440; x_wconf 86' lang='lat' dir='ltr'>LIB.</span> <span class='ocrx_word' id='word_1_8' title='bbox 2508 390 2555 439; x_wconf 88' lang='grc' dir='ltr'>Ι.</span> 
     </span>
    </p>
   </div>
   <div class='ocr_carea' id='block_1_2' title="bbox 1098 554 2343 632">
    <p class='ocr_par' dir='ltr' id='par_1_2' title="bbox 1098 554 2343 632">
     <span class='ocr_line' id='line_1_2' title="bbox 1098 554 2343 632; baseline -0.001 -1"><span class='ocrx_word' id='word_1_9' title='bbox 1098 554 1484 631; x_wconf 82' lang='lat' dir='ltr'>INCIPIT</span> <span class='ocrx_word' id='word_1_10' title='bbox 1534 554 1843 631; x_wconf 86' lang='lat' dir='ltr'>LIBER</span> <span class='ocrx_word' id='word_1_11' title='bbox 1893 554 2273 632; x_wconf 83' lang='lat' dir='ltr'>PRIMUS</span> <span class='ocrx_word' id='word_1_12' title='bbox 2295 563 2343 630; x_wconf 74' lang='lat'>².</span> 
     </span>
    </p>
   </div>
   <div class='ocr_carea' id='block_1_3' title="bbox 409 666 2863 2292">
    <p class='ocr_par' dir='ltr' id='par_1_3' title="bbox 409 666 2863 2292">
     <span class='ocr_line' id='line_1_3' title="bbox 451 666 2858 777; baseline 0 -20"><span class='ocrx_word' id='word_1_13' title='bbox 451 666 577 744; x_wconf 42' lang='grc' dir='ltr'>’Χ</span> <span class='ocrx_word' id='word_1_14' title='bbox 811 692 908 777; x_wconf 68' lang='lat' dir='ltr'>lb.</span> <span class='ocrx_word' id='word_1_15' title='bbox 1007 688 1555 776; x_wconf 87' lang='lat' dir='ltr'>Septemtrionalis</span> <span class='ocrx_word' id='word_1_16' title='bbox 1597 689 1707 776; x_wconf 87' lang='lat' dir='ltr'>pla</span> <span class='ocrx_word' id='word_1_17' title='bbox 1752 713 1792 755; x_wconf 90' lang='lat' dir='ltr'>a</span> <span class='ocrx_word' id='word_1_18' title='bbox 1822 699 2061 777; x_wconf 88' lang='lat' dir='ltr'>quanto</span> <span class='ocrx_word' id='word_1_19' title='bbox 2095 684 2312 777; x_wconf 77' lang='lat' dir='ltr'>&#39;magis</span> <span class='ocrx_word' id='word_1_20' title='bbox 2356 692 2438 758; x_wconf 87' lang='lat' dir='ltr'>ab</span> <span class='ocrx_word' id='word_1_21' title='bbox 2482 701 2669 757; x_wconf 89' lang='lat' dir='ltr'>aestu</span> <span class='ocrx_word' id='word_1_22' title='bbox 2709 691 2858 757; x_wconf 78' lang='lat' dir='ltr'>solis</span> 
     </span>
     <span class='ocr_line' id='line_1_4' title="bbox 607 772 2859 864; baseline 0 -23"><span class='ocrx_word' id='word_1_23' title='bbox 607 784 853 842; x_wconf 87' lang='lat' dir='ltr'>remota</span> <span class='ocrx_word' id='word_1_24' title='bbox 894 784 990 841; x_wconf 89' lang='lat' dir='ltr'>est</span> <span class='ocrx_word' id='word_1_25' title='bbox 1019 785 1082 841; x_wconf 91' lang='lat' dir='ltr'>et</span> <span class='ocrx_word' id='word_1_26' title='bbox 1122 772 1320 839; x_wconf 88' lang='lat' dir='ltr'>nivali</span> <span class='ocrx_word' id='word_1_27' title='bbox 1358 773 1595 861; x_wconf 84' lang='lat' dir='ltr'><strong>frigore</strong></span> <span class='ocrx_word' id='word_1_28' title='bbox 1624 798 1703 861; x_wconf 89' lang='lat' dir='ltr'>ge</span> <span class='ocrx_word' id='word_1_29' title='bbox 1731 773 1855 859; x_wconf 84' lang='lat' dir='ltr'>‘da‚</span> <span class='ocrx_word' id='word_1_30' title='bbox 1897 784 2075 840; x_wconf 90' lang='lat' dir='ltr'>tanto</span> <span class='ocrx_word' id='word_1_31' title='bbox 2121 774 2435 842; x_wconf 79' lang='lat' dir='ltr'>salubrior</span> <span class='ocrx_word' id='word_1_32' title='bbox 2477 778 2859 864; x_wconf 82' lang='lat' dir='ltr'>corporibus</span> 
     </span>
     <span class='ocr_line' id='line_1_5' title="bbox 409 858 2859 947; baseline -0.001 -19"><span class='ocrx_word' id='word_1_33' title='bbox 409 883 483 939; x_wconf 51' lang='lat' dir='ltr'>a».</span> <span class='ocrx_word' id='word_1_34' title='bbox 515 858 982 927; x_wconf 79' lang='lat' dir='ltr'>4s.hominum⁰</span> <span class='ocrx_word' id='word_1_35' title='bbox 1042 868 1106 923; x_wconf 91' lang='lat' dir='ltr'>et</span> <span class='ocrx_word' id='word_1_36' title='bbox 1167 858 1600 945; x_wconf 82' lang='lat' dir='ltr'>propagandis</span> <span class='ocrx_word' id='word_1_37' title='bbox 1655 859 1795 923; x_wconf 79' lang='lat' dir='ltr'>estd</span> <span class='ocrx_word' id='word_1_38' title='bbox 1848 859 2149 945; x_wconf 88' lang='lat' dir='ltr'>gentibus</span> <span class='ocrx_word' id='word_1_39' title='bbox 2209 868 2507 947; x_wconf 85' lang='lat' dir='ltr'>coaptata</span> <span class='ocrx_word' id='word_1_40' title='bbox 2523 872 2568 944; x_wconf 50' lang='grc' dir='ltr'>ἐς</span> <span class='ocrx_word' id='word_1_41' title='bbox 2646 862 2859 926; x_wconf 88' lang='lat' dir='ltr'>*sicut</span> 
     </span>
     <span class='ocr_line' id='line_1_6' title="bbox 608 942 2858 1028; baseline -0.001 -17"><span class='ocrx_word' id='word_1_42' title='bbox 608 954 868 1011; x_wconf 85' lang='lat' dir='ltr'>econtra</span> <span class='ocrx_word' id='word_1_43' title='bbox 898 944 1102 1007; x_wconf 84' lang='lat' dir='ltr'>omnis</span> <span class='ocrx_word' id='word_1_44' title='bbox 1131 942 1486 1007; x_wconf 87' lang='lat' dir='ltr'>meridiana</span> <span class='ocrx_word' id='word_1_45' title='bbox 1512 966 1583 1007; x_wconf 89' lang='lat' dir='ltr'>re</span> <span class='ocrx_word' id='word_1_46' title='bbox 1627 942 1711 1025; x_wconf 88' lang='lat' dir='ltr'>io,</span> <span class='ocrx_word' id='word_1_47' title='bbox 1756 944 1915 1028; x_wconf 63' lang='lat' dir='ltr'>quos</span> <span class='ocrx_word' id='word_1_48' title='bbox 1956 942 2107 1007; x_wconf 91' lang='lat' dir='ltr'>solis</span> <span class='ocrx_word' id='word_1_49' title='bbox 2135 955 2233 1010; x_wconf 85' lang='lat' dir='ltr'>est</span> <span class='ocrx_word' id='word_1_50' title='bbox 2258 944 2536 1008; x_wconf 59' lang='lat' dir='ltr'>fervori&amp;</span> <span class='ocrx_word' id='word_1_51' title='bbox 2564 946 2858 1027; x_wconf 83' lang='lat' dir='ltr'>vicinior,</span> 
     </span>
     <span class='ocr_line' id='line_1_7' title="bbox 608 1025 2857 1116; baseline 0 -23"><span class='ocrx_word' id='word_1_52' title='bbox 608 1028 726 1093; x_wconf 87' lang='lat' dir='ltr'>eo¹¹</span> <span class='ocrx_word' id='word_1_53' title='bbox 772 1050 1023 1113; x_wconf 87' lang='lat' dir='ltr'>semper</span> <span class='ocrx_word' id='word_1_54' title='bbox 1049 1026 1292 1092; x_wconf 88' lang='lat' dir='ltr'>morbis</span> <span class='ocrx_word' id='word_1_55' title='bbox 1334 1025 1557 1091; x_wconf 88' lang='lat' dir='ltr'>habun</span> <span class='ocrx_word' id='word_1_56' title='bbox 1601 1028 1697 1092; x_wconf 78' lang='lat' dir='ltr'>ati</span> <span class='ocrx_word' id='word_1_57' title='bbox 1744 1038 1808 1093; x_wconf 91' lang='lat' dir='ltr'>et</span> <span class='ocrx_word' id='word_1_58' title='bbox 1856 1026 2206 1093; x_wconf 82' lang='lat' dir='ltr'>educandis</span> <span class='ocrx_word' id='word_1_59' title='bbox 2250 1030 2461 1092; x_wconf 90' lang='lat' dir='ltr'>minus</span> <span class='ocrx_word' id='word_1_60' title='bbox 2506 1030 2645 1093; x_wconf 61' lang='lat' dir='ltr'>esth</span> <span class='ocrx_word' id='word_1_61' title='bbox 2708 1040 2857 1116; x_wconf 86' lang='lat' dir='ltr'>apta</span> 
     </span>
     <span class='ocr_line' id='line_1_8' title="bbox 608 1110 2855 1199; baseline 0.001 -24"><span class='ocrx_word' id='word_1_62' title='bbox 608 1110 1003 1177; x_wconf 86' lang='lat' dir='ltr'>mortalibus.</span> <span class='ocrx_word' id='word_1_63' title='bbox 1112 1110 1302 1177; x_wconf 91' lang='lat' dir='ltr'>Unde</span> <span class='ocrx_word' id='word_1_64' title='bbox 1343 1110 1450 1191; x_wconf 85' lang='lat' dir='ltr'>fit,</span> <span class='ocrx_word' id='word_1_65' title='bbox 1510 1121 1581 1176; x_wconf 85' lang='lat' dir='ltr'>ut</span> <span class='ocrx_word' id='word_1_66' title='bbox 1636 1114 1882 1177; x_wconf 84' lang='lat' dir='ltr'>tantae¹</span> <span class='ocrx_word' id='word_1_67' title='bbox 1956 1110 2346 1199; x_wconf 88' lang='lat' dir='ltr'>populorum</span> <span class='ocrx_word' id='word_1_68' title='bbox 2411 1110 2855 1178; x_wconf 81' lang='lat' dir='ltr'>multitudines</span> 
     </span>
     <span class='ocr_line' id='line_1_9' title="bbox 612 1194 2856 1283; baseline 0 -23"><span class='ocrx_word' id='word_1_69' title='bbox 612 1206 875 1261; x_wconf 75' lang='lat' dir='ltr'>arctoom</span> <span class='ocrx_word' id='word_1_70' title='bbox 920 1195 1038 1260; x_wconf 91' lang='lat' dir='ltr'>sub</span> <span class='ocrx_word' id='word_1_71' title='bbox 1070 1218 1192 1259; x_wconf 82' lang='lat' dir='ltr'>axe</span> <span class='ocrx_word' id='word_1_72' title='bbox 1226 1195 1531 1278; x_wconf 86' lang='lat' dir='ltr'>oriantur,</span> <span class='ocrx_word' id='word_1_73' title='bbox 1578 1204 1651 1260; x_wconf 93' lang='lat' dir='ltr'>ut</span> <span class='ocrx_word' id='word_1_74' title='bbox 1678 1216 1809 1259; x_wconf 89' lang='lat' dir='ltr'>non</span> <span class='ocrx_word' id='word_1_75' title='bbox 1836 1197 2132 1261; x_wconf 82' lang='lat' dir='ltr'>inmerito</span> <span class='ocrx_word' id='word_1_76' title='bbox 2176 1198 2480 1262; x_wconf 86' lang='lat' dir='ltr'>universa</span> <span class='ocrx_word' id='word_1_77' title='bbox 2522 1194 2635 1261; x_wconf 91' lang='lat' dir='ltr'>illa</span> <span class='ocrx_word' id='word_1_78' title='bbox 2676 1199 2856 1283; x_wconf 88' lang='lat' dir='ltr'>regio</span> 
     </span>
     <span class='ocr_line' id='line_1_10' title="bbox 613 1277 2858 1367; baseline -0 -23"><span class='ocrx_word' id='word_1_79' title='bbox 613 1280 819 1344; x_wconf 89' lang='lat' dir='ltr'>Tanai</span> <span class='ocrx_word' id='word_1_80' title='bbox 861 1290 1088 1345; x_wconf 80' lang='lat' dir='ltr'>tenusn</span> <span class='ocrx_word' id='word_1_81' title='bbox 1133 1301 1337 1365; x_wconf 89' lang='lat' dir='ltr'>usque</span> <span class='ocrx_word' id='word_1_82' title='bbox 1381 1277 1467 1343; x_wconf 90' lang='lat' dir='ltr'>ad</span> <span class='ocrx_word' id='word_1_83' title='bbox 1512 1279 1873 1362; x_wconf 89' lang='lat' dir='ltr'>occiduum,</span> <span class='ocrx_word' id='word_1_84' title='bbox 1930 1278 2118 1346; x_wconf 86' lang='lat' dir='ltr'>licet⁰</span> <span class='ocrx_word' id='word_1_85' title='bbox 2166 1291 2229 1345; x_wconf 90' lang='lat' dir='ltr'>et</span> <span class='ocrx_word' id='word_1_86' title='bbox 2276 1280 2557 1367; x_wconf 91' lang='lat' dir='ltr'>propriis</span> <span class='ocrx_word' id='word_1_87' title='bbox 2602 1281 2751 1345; x_wconf 89' lang='lat' dir='ltr'>loca</span> <span class='ocrx_word' id='word_1_88' title='bbox 2792 1282 2858 1344; x_wconf 91' lang='lat' dir='ltr'>in</span> 
     </span>
     <span class='ocr_line' id='line_1_11' title="bbox 612 1362 2857 1463; baseline -0.001 -32"><span class='ocrx_word' id='word_1_89' title='bbox 612 1376 732 1431; x_wconf 79' lang='lat' dir='ltr'>eal’</span> <span class='ocrx_word' id='word_1_90' title='bbox 779 1363 1030 1463; x_wconf 80' lang='lat' dir='ltr'>singula</span> <span class='ocrx_word' id='word_1_91' title='bbox 1057 1373 1505 1449; x_wconf 81' lang='lat' dir='ltr'>nuncupentur</span> <span class='ocrx_word' id='word_1_92' title='bbox 1532 1362 1922 1448; x_wconf 88' lang='lat' dir='ltr'>nominibus,</span> <span class='ocrx_word' id='word_1_93' title='bbox 1966 1362 2249 1450; x_wconf 79' lang='lat' dir='ltr'>generali</span> <span class='ocrx_word' id='word_1_94' title='bbox 2294 1375 2511 1445; x_wconf 83' lang='lat' dir='ltr'>tamen</span> <span class='ocrx_word' id='word_1_95' title='bbox 2538 1364 2857 1431; x_wconf 88' lang='lat' dir='ltr'>vocabulo</span> 
     </span>
     <span class='ocr_line' id='line_1_12' title="bbox 613 1446 2857 1536; baseline -0.001 -21"><span class='ocrx_word' id='word_1_96' title='bbox 613 1448 958 1515; x_wconf 81' lang='lat' dir='ltr'>Germania</span> <span class='ocrx_word' id='word_1_97' title='bbox 1011 1450 1322 1514; x_wconf 85' lang='lat' dir='ltr'>vocitetur</span> <span class='ocrx_word' id='word_1_98' title='bbox 1343 1460 1398 1531; x_wconf 84' lang='lat'>¹3</span> <span class='ocrx_word' id='word_1_99' title='bbox 1468 1450 1759 1533; x_wconf 90' lang='lat' dir='ltr'>quamvis</span> <span class='ocrx_word' id='word_1_100' title='bbox 1804 1458 1867 1514; x_wconf 91' lang='lat' dir='ltr'>et</span> <span class='ocrx_word' id='word_1_101' title='bbox 1921 1447 2081 1514; x_wconf 89' lang='lat' dir='ltr'>duas</span> <span class='ocrx_word' id='word_1_102' title='bbox 2124 1446 2291 1513; x_wconf 87' lang='lat' dir='ltr'>ultra</span> <span class='ocrx_word' id='word_1_103' title='bbox 2331 1446 2662 1513; x_wconf 76' lang='lat' dir='ltr'>Rhenum‘l</span> <span class='ocrx_word' id='word_1_104' title='bbox 2716 1471 2857 1536; x_wconf 87' lang='lat' dir='ltr'>pro-</span> 
     </span>
     <span class='ocr_line' id='line_1_13' title="bbox 608 1532 2860 1619; baseline -0 -22"><span class='ocrx_word' id='word_1_105' title='bbox 608 1534 854 1597; x_wconf 87' lang='lat' dir='ltr'>vincias</span> <span class='ocrx_word' id='word_1_106' title='bbox 897 1532 1190 1615; x_wconf 85' lang='lat' dir='ltr'>Romani,</span> <span class='ocrx_word' id='word_1_107' title='bbox 1235 1554 1385 1596; x_wconf 92' lang='lat' dir='ltr'>cum</span> <span class='ocrx_word' id='word_1_108' title='bbox 1415 1552 1492 1597; x_wconf 88' lang='lat' dir='ltr'>ea</span> <span class='ocrx_word' id='word_1_109' title='bbox 1519 1533 1663 1601; x_wconf 88' lang='lat' dir='ltr'>loca</span> <span class='ocrx_word' id='word_1_110' title='bbox 1691 1542 2133 1619; x_wconf 86' lang='lat' dir='ltr'>occupassent,</span> <span class='ocrx_word' id='word_1_111' title='bbox 2178 1534 2573 1618; x_wconf 89' lang='lat' dir='ltr'>superiorem</span> <span class='ocrx_word' id='word_1_112' title='bbox 2603 1533 2860 1598; x_wconf 83' lang='lat' dir='ltr'>inferio-</span> 
     </span>
     <span class='ocr_line' id='line_1_14' title="bbox 608 1614 2857 1703; baseline 0 -22"><span class='ocrx_word' id='word_1_113' title='bbox 608 1638 872 1703; x_wconf 86' lang='lat' dir='ltr'>remque</span> <span class='ocrx_word' id='word_1_114' title='bbox 947 1615 1359 1681; x_wconf 73' lang='lat' dir='ltr'>Germaniam</span> <span class='ocrx_word' id='word_1_115' title='bbox 1424 1614 1705 1683; x_wconf 83' lang='lat' dir='ltr'>dixerint</span> <span class='ocrx_word' id='word_1_116' title='bbox 1720 1629 1761 1659; x_wconf 84' lang='lat' dir='ltr'>r.</span> <span class='ocrx_word' id='word_1_117' title='bbox 1776 1628 1819 1680; x_wconf 84' lang='lat'>².</span> <span class='ocrx_word' id='word_1_118' title='bbox 1918 1617 2024 1683; x_wconf 90' lang='lat' dir='ltr'>Ab</span> <span class='ocrx_word' id='word_1_119' title='bbox 2098 1616 2220 1681; x_wconf 78' lang='lat' dir='ltr'>li’ac</span> <span class='ocrx_word' id='word_1_120' title='bbox 2279 1640 2430 1703; x_wconf 90' lang='lat' dir='ltr'>ergo</span> <span class='ocrx_word' id='word_1_121' title='bbox 2502 1640 2587 1703; x_wconf 90' lang='lat' dir='ltr'>po</span> <span class='ocrx_word' id='word_1_122' title='bbox 2638 1617 2857 1691; x_wconf 67' lang='lat' dir='ltr'>ulosas</span> 
     </span>
     <span class='ocr_line' id='line_1_15' title="bbox 613 1640 2860 1787; baseline -0 -21"><span class='ocrx_word' id='word_1_123' title='bbox 613 1700 960 1766; x_wconf 78' lang='lat' dir='ltr'>Germania</span> <span class='ocrx_word' id='word_1_124' title='bbox 1001 1720 1196 1786; x_wconf 87' lang='lat' dir='ltr'>saepe</span> <span class='ocrx_word' id='word_1_125' title='bbox 1234 1698 1732 1765; x_wconf 89' lang='lat' dir='ltr'>innumerabiles</span> <span class='ocrx_word' id='word_1_126' title='bbox 1776 1701 2174 1787; x_wconf 88' lang='lat' dir='ltr'>captivorum</span> <span class='ocrx_word' id='word_1_127' title='bbox 2217 1710 2465 1765; x_wconf 87' lang='lat' dir='ltr'>turmae</span> <span class='ocrx_word' id='word_1_128' title='bbox 2508 1640 2860 1768; x_wconf 58' lang='lat' dir='ltr'>abguctaet</span> 
     </span>
     <span class='ocr_line' id='line_1_16' title="bbox 610 1783 2861 1871; baseline 0 -22"><span class='ocrx_word' id='word_1_129' title='bbox 610 1784 982 1849; x_wconf 88' lang='lat' dir='ltr'>meridianis</span> <span class='ocrx_word' id='word_1_130' title='bbox 1075 1783 1282 1871; x_wconf 89' lang='lat' dir='ltr'>opulis</span> <span class='ocrx_word' id='word_1_131' title='bbox 1312 1785 1517 1869; x_wconf 88' lang='lat' dir='ltr'>pretio</span> <span class='ocrx_word' id='word_1_132' title='bbox 1549 1784 2001 1850; x_wconf 85' lang='lat' dir='ltr'>distrahuntur.</span> <span class='ocrx_word' id='word_1_133' title='bbox 2086 1784 2327 1851; x_wconf 87' lang='lat' dir='ltr'>Multae</span> <span class='ocrx_word' id='word_1_134' title='bbox 2358 1807 2615 1871; x_wconf 88' lang='lat' dir='ltr'>quoque</span> <span class='ocrx_word' id='word_1_135' title='bbox 2646 1808 2734 1849; x_wconf 87' lang='lat' dir='ltr'>ex</span> <span class='ocrx_word' id='word_1_136' title='bbox 2766 1807 2861 1867; x_wconf 78' lang='lat' dir='ltr'>ea,</span> 
     </span>
     <span class='ocr_line' id='line_1_17' title="bbox 610 1866 2861 1956; baseline 0 -23"><span class='ocrx_word' id='word_1_137' title='bbox 610 1890 728 1953; x_wconf 92' lang='lat' dir='ltr'>pro</span> <span class='ocrx_word' id='word_1_138' title='bbox 760 1891 834 1934; x_wconf 92' lang='lat' dir='ltr'>eo</span> <span class='ocrx_word' id='word_1_139' title='bbox 867 1889 994 1955; x_wconf 89' lang='lat' dir='ltr'>quo</span> <span class='ocrx_word' id='word_1_140' title='bbox 1069 1877 1318 1933; x_wconf 84' lang='lat' dir='ltr'>tantos¹¹</span> <span class='ocrx_word' id='word_1_141' title='bbox 1349 1866 1711 1933; x_wconf 89' lang='lat' dir='ltr'>mortalium</span> <span class='ocrx_word' id='word_1_142' title='bbox 1753 1870 2089 1956; x_wconf 85' lang='lat' dir='ltr'>germinat,</span> <span class='ocrx_word' id='word_1_143' title='bbox 2133 1878 2448 1956; x_wconf 72' lang='lat' dir='ltr'>quantosv</span> <span class='ocrx_word' id='word_1_144' title='bbox 2520 1868 2688 1934; x_wconf 87' lang='lat' dir='ltr'>alere</span> <span class='ocrx_word' id='word_1_145' title='bbox 2746 1871 2861 1933; x_wconf 84' lang='lat' dir='ltr'>vix</span> 
     </span>
     <span class='ocr_line' id='line_1_18' title="bbox 611 1951 2863 2039; baseline 0 -22"><span class='ocrx_word' id='word_1_146' title='bbox 611 1951 864 2036; x_wconf 85' lang='lat' dir='ltr'>sufficit,</span> <span class='ocrx_word' id='word_1_147' title='bbox 909 1965 1153 2039; x_wconf 65' lang='lat' dir='ltr'>saepe*w</span> <span class='ocrx_word' id='word_1_148' title='bbox 1266 1960 1441 2017; x_wconf 88' lang='lat' dir='ltr'>entes</span> <span class='ocrx_word' id='word_1_149' title='bbox 1498 1974 1791 2039; x_wconf 86' lang='lat' dir='ltr'>egressae</span> <span class='ocrx_word' id='word_1_150' title='bbox 1850 1963 2027 2037; x_wconf 85' lang='lat' dir='ltr'>sunt,</span> <span class='ocrx_word' id='word_1_151' title='bbox 2080 1975 2245 2039; x_wconf 87' lang='lat' dir='ltr'>quae</span> <span class='ocrx_word' id='word_1_152' title='bbox 2313 1953 2731 2019; x_wconf 83' lang='lat' dir='ltr'>nihilominus</span> <span class='ocrx_word' id='word_1_153' title='bbox 2802 1962 2863 2018; x_wconf 87' lang='lat' dir='ltr'>et</span> 
     </span>
     <span class='ocr_line' id='line_1_19' title="bbox 609 1976 2860 2124; baseline -0 -23"><span class='ocrx_word' id='word_1_154' title='bbox 609 2047 822 2123; x_wconf 86' lang='lat' dir='ltr'>partes</span> <span class='ocrx_word' id='word_1_155' title='bbox 855 2034 1105 2119; x_wconf 86' lang='lat' dir='ltr'>Asiae¹‚</span> <span class='ocrx_word' id='word_1_156' title='bbox 1151 1976 1266 2101; x_wconf 53' lang='lat' dir='ltr'>sed</span> <span class='ocrx_word' id='word_1_157' title='bbox 1304 2036 1589 2102; x_wconf 85' lang='lat' dir='ltr'>maxime</span> <span class='ocrx_word' id='word_1_158' title='bbox 1634 2038 1758 2103; x_wconf 88' lang='lat' dir='ltr'>sibi</span> <span class='ocrx_word' id='word_1_159' title='bbox 1787 2038 2189 2123; x_wconf 63' lang='lat' dir='ltr'>contiguam?</span> <span class='ocrx_word' id='word_1_160' title='bbox 2216 2036 2551 2124; x_wconf 88' lang='lat' dir='ltr'>Europam</span> <span class='ocrx_word' id='word_1_161' title='bbox 2590 2036 2860 2101; x_wconf 85' lang='lat' dir='ltr'>adflixe-</span> 
     </span>
     <span class='ocr_line' id='line_1_20' title="bbox 609 2118 2857 2207; baseline 0 -23"><span class='ocrx_word' id='word_1_162' title='bbox 609 2130 778 2185; x_wconf 83' lang='lat' dir='ltr'>runt.</span> <span class='ocrx_word' id='word_1_163' title='bbox 854 2120 1198 2186; x_wconf 86' lang='lat' dir='ltr'>Testantur</span> <span class='ocrx_word' id='word_1_164' title='bbox 1226 2119 1348 2185; x_wconf 89' lang='lat' dir='ltr'>hoc</span> <span class='ocrx_word' id='word_1_165' title='bbox 1377 2118 1618 2207; x_wconf 88' lang='lat' dir='ltr'>ubique</span> <span class='ocrx_word' id='word_1_166' title='bbox 1646 2120 1837 2187; x_wconf 89' lang='lat' dir='ltr'>urbes</span> <span class='ocrx_word' id='word_1_167' title='bbox 1870 2132 2087 2186; x_wconf 86' lang='lat' dir='ltr'>erutae</span> <span class='ocrx_word' id='word_1_168' title='bbox 2130 2145 2245 2207; x_wconf 89' lang='lat' dir='ltr'>per</span> <span class='ocrx_word' id='word_1_169' title='bbox 2290 2130 2490 2186; x_wconf 83' lang='lat' dir='ltr'>totam</span> <span class='ocrx_word' id='word_1_170' title='bbox 2516 2120 2857 2185; x_wconf 79' lang='lat' dir='ltr'>Illiricumz</span> 
     </span>
     <span class='ocr_line' id='line_1_21' title="bbox 613 2202 2859 2292; baseline -0 -22"><span class='ocrx_word' id='word_1_171' title='bbox 613 2202 1086 2291; x_wconf 65' lang='lat' dir='ltr'>Galliamquea,</span> <span class='ocrx_word' id='word_1_172' title='bbox 1131 2203 1246 2269; x_wconf 89' lang='lat' dir='ltr'>sed</span> <span class='ocrx_word' id='word_1_173' title='bbox 1285 2206 1610 2270; x_wconf 73' lang='lat' dir='ltr'>maximeb</span> <span class='ocrx_word' id='word_1_174' title='bbox 1662 2206 1933 2270; x_wconf 87' lang='lat' dir='ltr'>miserae</span> <span class='ocrx_word' id='word_1_175' title='bbox 1976 2204 2227 2288; x_wconf 83' lang='lat' dir='ltr'>Italiae,</span> <span class='ocrx_word' id='word_1_176' title='bbox 2290 2228 2454 2292; x_wconf 86' lang='lat' dir='ltr'>quae</span> <span class='ocrx_word' id='word_1_177' title='bbox 2512 2228 2675 2291; x_wconf 88' lang='lat' dir='ltr'>pene</span> <span class='ocrx_word' id='word_1_178' title='bbox 2726 2227 2859 2269; x_wconf 91' lang='lat' dir='ltr'>om-</span> 
     </span>
    </p>
   </div>
   <div class='ocr_carea' id='block_1_4' title="bbox 552 2349 2863 4228">
    <p class='ocr_par' dir='ltr' id='par_1_4' title="bbox 605 2349 2863 3463">
     <span class='ocr_line' id='line_1_22' title="bbox 611 2349 2863 2403; baseline 0 -12"><span class='ocrx_word' id='word_1_179' title='bbox 611 2349 657 2403; x_wconf 87' lang='lat' dir='ltr'>a)</span> <span class='ocrx_word' id='word_1_180' title='bbox 684 2351 744 2390; x_wconf 90' lang='lat' dir='ltr'>In</span> <span class='ocrx_word' id='word_1_181' title='bbox 784 2350 973 2391; x_wconf 86' lang='lat' dir='ltr'>nomine</span> <span class='ocrx_word' id='word_1_182' title='bbox 1005 2350 1196 2391; x_wconf 83' lang='lat' dir='ltr'>Domini</span> <span class='ocrx_word' id='word_1_183' title='bbox 1227 2350 1393 2399; x_wconf 81' lang='lat' dir='ltr'>incipit</span> <span class='ocrx_word' id='word_1_184' title='bbox 1419 2350 1542 2391; x_wconf 83' lang='lat' dir='ltr'>liber</span> <span class='ocrx_word' id='word_1_185' title='bbox 1572 2350 1747 2400; x_wconf 79' lang='lat' dir='ltr'>primus</span> <span class='ocrx_word' id='word_1_186' title='bbox 1780 2349 1819 2389; x_wconf 88' lang='lat' dir='ltr'>A</span> <span class='ocrx_word' id='word_1_187' title='bbox 1850 2350 1896 2391; x_wconf 85' lang='grc'>2.</span> <span class='ocrx_word' id='word_1_188' title='bbox 1944 2352 2085 2401; x_wconf 77' lang='lat' dir='ltr'>Expl.</span> <span class='ocrx_word' id='word_1_189' title='bbox 2130 2362 2229 2401; x_wconf 86' lang='lat' dir='ltr'>cap.</span> <span class='ocrx_word' id='word_1_190' title='bbox 2262 2352 2319 2391; x_wconf 94' lang='lat' dir='ltr'>In</span> <span class='ocrx_word' id='word_1_191' title='bbox 2350 2351 2523 2391; x_wconf 77' lang='lat' dir='ltr'>Christi</span> <span class='ocrx_word' id='word_1_192' title='bbox 2553 2350 2747 2391; x_wconf 86' lang='lat' dir='ltr'>nomine</span> <span class='ocrx_word' id='word_1_193' title='bbox 2796 2352 2863 2391; x_wconf 87' lang='lat' dir='ltr'>in-</span> 
     </span>
     <span class='ocr_line' id='line_1_23' title="bbox 610 2406 2859 2461; baseline -0 -12"><span class='ocrx_word' id='word_1_194' title='bbox 610 2408 726 2459; x_wconf 82' lang='lat' dir='ltr'>cipit</span> <span class='ocrx_word' id='word_1_195' title='bbox 752 2410 874 2449; x_wconf 79' lang='lat' dir='ltr'>liber</span> <span class='ocrx_word' id='word_1_196' title='bbox 899 2408 1090 2449; x_wconf 68' lang='lat' dir='ltr'>intortae</span> <span class='ocrx_word' id='word_1_197' title='bbox 1121 2408 1329 2457; x_wconf 82' lang='lat' dir='ltr'>Langob.</span> <span class='ocrx_word' id='word_1_198' title='bbox 1361 2407 1405 2448; x_wconf 83' lang='lat' dir='ltr'>A</span> <span class='ocrx_word' id='word_1_199' title='bbox 1430 2406 1491 2449; x_wconf 82' lang='lat'>‘3.</span> <span class='ocrx_word' id='word_1_200' title='bbox 1522 2410 1661 2459; x_wconf 79' lang='lat' dir='ltr'>Expl.</span> <span class='ocrx_word' id='word_1_201' title='bbox 1696 2420 1793 2459; x_wconf 79' lang='lat' dir='ltr'>cap.</span> <span class='ocrx_word' id='word_1_202' title='bbox 1826 2410 2001 2459; x_wconf 76' lang='lat' dir='ltr'>Incipit</span> <span class='ocrx_word' id='word_1_203' title='bbox 2031 2411 2151 2450; x_wconf 79' lang='lat' dir='ltr'>liber</span> <span class='ocrx_word' id='word_1_204' title='bbox 2180 2411 2411 2461; x_wconf 79' lang='lat' dir='ltr'>hystoriae</span> <span class='ocrx_word' id='word_1_205' title='bbox 2442 2410 2859 2458; x_wconf 76' lang='lat' dir='ltr'>Langobardorum</span> 
     </span>
     <span class='ocr_line' id='line_1_24' title="bbox 608 2466 2861 2519; baseline 0.001 -12"><span class='ocrx_word' id='word_1_206' title='bbox 608 2468 786 2519; x_wconf 80' lang='lat' dir='ltr'>primus</span> <span class='ocrx_word' id='word_1_207' title='bbox 815 2466 917 2508; x_wconf 73' lang='lat' dir='ltr'>Aa.</span> <span class='ocrx_word' id='word_1_208' title='bbox 951 2468 1018 2508; x_wconf 79' lang='grc' dir='ltr'>3ο.</span> <span class='ocrx_word' id='word_1_209' title='bbox 1049 2468 1187 2517; x_wconf 76' lang='lat' dir='ltr'>Expl.</span> <span class='ocrx_word' id='word_1_210' title='bbox 1221 2479 1322 2517; x_wconf 89' lang='lat' dir='ltr'>cap.</span> <span class='ocrx_word' id='word_1_211' title='bbox 1369 2468 1467 2511; x_wconf 88' lang='lat' dir='ltr'>Inc.</span> <span class='ocrx_word' id='word_1_212' title='bbox 1508 2468 1627 2508; x_wconf 85' lang='lat' dir='ltr'>liber</span> <span class='ocrx_word' id='word_1_213' title='bbox 1668 2468 2078 2517; x_wconf 82' lang='lat' dir='ltr'>Longobardorum</span> <span class='ocrx_word' id='word_1_214' title='bbox 2110 2466 2151 2507; x_wconf 89' lang='lat' dir='ltr'>A</span> <span class='ocrx_word' id='word_1_215' title='bbox 2184 2470 2223 2509; x_wconf 89' lang='grc'>6.</span> <span class='ocrx_word' id='word_1_216' title='bbox 2288 2470 2459 2518; x_wconf 85' lang='lat' dir='ltr'>Incipit</span> <span class='ocrx_word' id='word_1_217' title='bbox 2501 2469 2695 2508; x_wconf 85' lang='lat' dir='ltr'>historia</span> <span class='ocrx_word' id='word_1_218' title='bbox 2740 2470 2861 2509; x_wconf 83' lang='lat' dir='ltr'>Lan-</span> 
     </span>
     <span class='ocr_line' id='line_1_25' title="bbox 611 2525 2857 2579; baseline 0.002 -14"><span class='ocrx_word' id='word_1_219' title='bbox 611 2525 921 2575; x_wconf 75' lang='lat' dir='ltr'>goim-dorum</span> <span class='ocrx_word' id='word_1_220' title='bbox 961 2526 1000 2565; x_wconf 90' lang='lat' dir='ltr'>B</span> <span class='ocrx_word' id='word_1_221' title='bbox 1035 2528 1076 2567; x_wconf 90' lang='lat'>1.</span> <span class='ocrx_word' id='word_1_222' title='bbox 1115 2526 1153 2564; x_wconf 93' lang='lat' dir='ltr'>L</span> <span class='ocrx_word' id='word_1_223' title='bbox 1187 2528 1230 2565; x_wconf 91' lang='grc'>2.</span> <span class='ocrx_word' id='word_1_224' title='bbox 1260 2526 1397 2575; x_wconf 82' lang='lat' dir='ltr'>Expl.</span> <span class='ocrx_word' id='word_1_225' title='bbox 1433 2537 1533 2576; x_wconf 87' lang='lat' dir='ltr'>cap.</span> <span class='ocrx_word' id='word_1_226' title='bbox 1566 2526 1673 2567; x_wconf 84' lang='lat' dir='ltr'>libri</span> <span class='ocrx_word' id='word_1_227' title='bbox 1704 2528 1855 2576; x_wconf 86' lang='lat' dir='ltr'>primi.</span> <span class='ocrx_word' id='word_1_228' title='bbox 1915 2529 2087 2578; x_wconf 80' lang='lat' dir='ltr'>Incipit</span> <span class='ocrx_word' id='word_1_229' title='bbox 2117 2530 2218 2579; x_wconf 83' lang='lat' dir='ltr'>ipse</span> <span class='ocrx_word' id='word_1_230' title='bbox 2250 2528 2370 2568; x_wconf 87' lang='lat' dir='ltr'>liber</span> <span class='ocrx_word' id='word_1_231' title='bbox 2395 2528 2438 2567; x_wconf 92' lang='lat' dir='ltr'>D</span> <span class='ocrx_word' id='word_1_232' title='bbox 2474 2530 2513 2568; x_wconf 91' lang='lat'>1.</span> <span class='ocrx_word' id='word_1_233' title='bbox 2575 2528 2715 2577; x_wconf 80' lang='lat' dir='ltr'>Expl.</span> <span class='ocrx_word' id='word_1_234' title='bbox 2753 2540 2857 2578; x_wconf 85' lang='lat' dir='ltr'>cap.</span> 
     </span>
     <span class='ocr_line' id='line_1_26' title="bbox 610 2584 2859 2645; baseline 0.001 -20"><span class='ocrx_word' id='word_1_235' title='bbox 610 2585 784 2634; x_wconf 79' lang='lat' dir='ltr'>Incipit</span> <span class='ocrx_word' id='word_1_236' title='bbox 825 2584 947 2624; x_wconf 86' lang='lat' dir='ltr'>liber</span> <span class='ocrx_word' id='word_1_237' title='bbox 975 2586 1154 2635; x_wconf 72' lang='lat' dir='ltr'>primus</span> <span class='ocrx_word' id='word_1_238' title='bbox 1201 2584 1440 2635; x_wconf 79' lang='lat' dir='ltr'>hystoriae</span> <span class='ocrx_word' id='word_1_239' title='bbox 1484 2586 1617 2637; x_wconf 76' lang='lat' dir='ltr'>(dem</span> <span class='ocrx_word' id='word_1_240' title='bbox 1648 2584 1693 2636; x_wconf 86' lang='grc'>3)</span> <span class='ocrx_word' id='word_1_241' title='bbox 1751 2588 1899 2635; x_wconf 79' lang='lat' dir='ltr'>gentis</span> <span class='ocrx_word' id='word_1_242' title='bbox 1940 2588 2355 2635; x_wconf 77' lang='lat' dir='ltr'>Langobardorum</span> <span class='ocrx_word' id='word_1_243' title='bbox 2400 2588 2443 2627; x_wconf 92' lang='lat' dir='ltr'>D</span> <span class='ocrx_word' id='word_1_244' title='bbox 2478 2587 2519 2645; x_wconf 71' lang='grc'>3.</span> <span class='ocrx_word' id='word_1_245' title='bbox 2550 2588 2601 2637; x_wconf 75' lang='lat'>43</span> <span class='ocrx_word' id='word_1_246' title='bbox 2642 2588 2769 2628; x_wconf 76' lang='lat' dir='ltr'>codd.</span> <span class='ocrx_word' id='word_1_247' title='bbox 2802 2589 2859 2627; x_wconf 92' lang='lat' dir='ltr'>D.</span> 
     </span>
     <span class='ocr_line' id='line_1_27' title="bbox 613 2644 2857 2697; baseline 0.001 -14"><span class='ocrx_word' id='word_1_248' title='bbox 613 2644 804 2683; x_wconf 74' lang='lat' dir='ltr'>addunt.-</span> <span class='ocrx_word' id='word_1_249' title='bbox 849 2654 879 2682; x_wconf 86' lang='lat' dir='ltr'>a</span> <span class='ocrx_word' id='word_1_250' title='bbox 922 2644 1068 2683; x_wconf 88' lang='lat' dir='ltr'>Paulo</span> <span class='ocrx_word' id='word_1_251' title='bbox 1115 2644 1314 2692; x_wconf 82' lang='lat' dir='ltr'>quodam</span> <span class='ocrx_word' id='word_1_252' title='bbox 1364 2646 1591 2685; x_wconf 85' lang='lat' dir='ltr'>monacho</span> <span class='ocrx_word' id='word_1_253' title='bbox 1638 2645 1694 2685; x_wconf 86' lang='lat' dir='ltr'>de</span> <span class='ocrx_word' id='word_1_254' title='bbox 1726 2650 1879 2685; x_wconf 87' lang='lat' dir='ltr'>monte</span> <span class='ocrx_word' id='word_1_255' title='bbox 1900 2646 2081 2687; x_wconf 83' lang='lat' dir='ltr'>Cassini</span> <span class='ocrx_word' id='word_1_256' title='bbox 2112 2647 2276 2687; x_wconf 85' lang='lat' dir='ltr'>editus.</span> <span class='ocrx_word' id='word_1_257' title='bbox 2335 2646 2509 2697; x_wconf 84' lang='lat' dir='ltr'>Incipit</span> <span class='ocrx_word' id='word_1_258' title='bbox 2540 2647 2667 2694; x_wconf 82' lang='lat' dir='ltr'>origo</span> <span class='ocrx_word' id='word_1_259' title='bbox 2700 2647 2857 2694; x_wconf 80' lang='lat' dir='ltr'>gentis</span> 
     </span>
     <span class='ocr_line' id='line_1_28' title="bbox 609 2702 2860 2754; baseline 0.002 -13"><span class='ocrx_word' id='word_1_260' title='bbox 609 2702 1020 2751; x_wconf 81' lang='lat' dir='ltr'>Longobardorum</span> <span class='ocrx_word' id='word_1_261' title='bbox 1048 2704 1087 2743; x_wconf 83' lang='lat' dir='ltr'>E</span> <span class='ocrx_word' id='word_1_262' title='bbox 1121 2705 1161 2743; x_wconf 89' lang='lat'>1.</span> <span class='ocrx_word' id='word_1_263' title='bbox 1220 2702 1293 2742; x_wconf 88' lang='lat' dir='ltr'>De</span> <span class='ocrx_word' id='word_1_264' title='bbox 1324 2704 1507 2751; x_wconf 77' lang='lat' dir='ltr'>origine</span> <span class='ocrx_word' id='word_1_265' title='bbox 1537 2704 1688 2753; x_wconf 82' lang='lat' dir='ltr'>gentis</span> <span class='ocrx_word' id='word_1_266' title='bbox 1712 2705 2121 2753; x_wconf 84' lang='lat' dir='ltr'>Longobardorum</span> <span class='ocrx_word' id='word_1_267' title='bbox 2141 2709 2187 2746; x_wconf 83' lang='lat' dir='ltr'>et</span> <span class='ocrx_word' id='word_1_268' title='bbox 2216 2706 2419 2754; x_wconf 80' lang='lat' dir='ltr'>gestibus</span> <span class='ocrx_word' id='word_1_269' title='bbox 2451 2706 2704 2745; x_wconf 84' lang='lat' dir='ltr'>eorundem</span> <span class='ocrx_word' id='word_1_270' title='bbox 2738 2706 2860 2745; x_wconf 88' lang='lat' dir='ltr'>liber</span> 
     </span>
     <span class='ocr_line' id='line_1_29' title="bbox 610 2760 2857 2813; baseline 0.002 -13"><span class='ocrx_word' id='word_1_271' title='bbox 610 2762 786 2811; x_wconf 85' lang='lat' dir='ltr'>primus</span> <span class='ocrx_word' id='word_1_272' title='bbox 815 2760 981 2810; x_wconf 87' lang='lat' dir='ltr'>incipit</span> <span class='ocrx_word' id='word_1_273' title='bbox 1009 2761 1208 2801; x_wconf 79' lang='lat' dir='ltr'>feliciter</span> <span class='ocrx_word' id='word_1_274' title='bbox 1238 2762 1277 2801; x_wconf 77' lang='grc' dir='ltr'><strong>Ε</strong></span> <span class='ocrx_word' id='word_1_275' title='bbox 1296 2762 1339 2801; x_wconf 97' lang='lat'>4.</span> <span class='ocrx_word' id='word_1_276' title='bbox 1400 2762 1472 2803; x_wconf 88' lang='lat' dir='ltr'>De</span> <span class='ocrx_word' id='word_1_277' title='bbox 1506 2764 1685 2812; x_wconf 77' lang='lat' dir='ltr'>origine</span> <span class='ocrx_word' id='word_1_278' title='bbox 1718 2765 1869 2812; x_wconf 80' lang='lat' dir='ltr'>gentis</span> <span class='ocrx_word' id='word_1_279' title='bbox 1900 2765 2307 2813; x_wconf 76' lang='lat' dir='ltr'>Langobardorum</span> <span class='ocrx_word' id='word_1_280' title='bbox 2328 2768 2375 2804; x_wconf 85' lang='lat' dir='ltr'>et</span> <span class='ocrx_word' id='word_1_281' title='bbox 2404 2764 2543 2813; x_wconf 80' lang='lat' dir='ltr'>gestis</span> <span class='ocrx_word' id='word_1_282' title='bbox 2573 2764 2611 2803; x_wconf 83' lang='grc' dir='ltr'><strong>Ε</strong></span> <span class='ocrx_word' id='word_1_283' title='bbox 2630 2762 2672 2804; x_wconf 84' lang='grc'>5.</span> <span class='ocrx_word' id='word_1_284' title='bbox 2734 2765 2857 2805; x_wconf 89' lang='lat' dir='ltr'>Inci-</span> 
     </span>
     <span class='ocr_line' id='line_1_30' title="bbox 609 2820 2857 2874; baseline 0.002 -15"><span class='ocrx_word' id='word_1_285' title='bbox 609 2820 677 2869; x_wconf 86' lang='lat' dir='ltr'>pit</span> <span class='ocrx_word' id='word_1_286' title='bbox 703 2820 825 2859; x_wconf 85' lang='lat' dir='ltr'>liber</span> <span class='ocrx_word' id='word_1_287' title='bbox 867 2821 1042 2869; x_wconf 86' lang='lat' dir='ltr'>primus</span> <span class='ocrx_word' id='word_1_288' title='bbox 1087 2820 1498 2869; x_wconf 79' lang='lat' dir='ltr'>Langobardorum</span> <span class='ocrx_word' id='word_1_289' title='bbox 1543 2825 1671 2862; x_wconf 84' lang='lat' dir='ltr'>actus</span> <span class='ocrx_word' id='word_1_290' title='bbox 1720 2822 1762 2863; x_wconf 91' lang='lat' dir='ltr'>G</span> <span class='ocrx_word' id='word_1_291' title='bbox 1794 2822 1861 2866; x_wconf 78' lang='lat'>50.</span> <span class='ocrx_word' id='word_1_292' title='bbox 1936 2824 2076 2874; x_wconf 82' lang='lat' dir='ltr'>Expl.</span> <span class='ocrx_word' id='word_1_293' title='bbox 2121 2834 2221 2873; x_wconf 88' lang='lat' dir='ltr'>cap.</span> <span class='ocrx_word' id='word_1_294' title='bbox 2300 2824 2471 2873; x_wconf 85' lang='lat' dir='ltr'>Incipit</span> <span class='ocrx_word' id='word_1_295' title='bbox 2516 2823 2636 2862; x_wconf 86' lang='lat' dir='ltr'>liber</span> <span class='ocrx_word' id='word_1_296' title='bbox 2674 2824 2857 2872; x_wconf 87' lang='lat' dir='ltr'>primus</span> 
     </span>
     <span class='ocr_line' id='line_1_31' title="bbox 608 2878 2857 2932; baseline 0.003 -15"><span class='ocrx_word' id='word_1_297' title='bbox 608 2879 803 2918; x_wconf 83' lang='lat' dir='ltr'>historia</span> <span class='ocrx_word' id='word_1_298' title='bbox 831 2878 1244 2927; x_wconf 75' lang='lat' dir='ltr'>Langobardorum</span> <span class='ocrx_word' id='word_1_299' title='bbox 1274 2880 1318 2919; x_wconf 93' lang='lat' dir='ltr'>H</span> <span class='ocrx_word' id='word_1_300' title='bbox 1351 2881 1390 2921; x_wconf 96' lang='grc'>1.</span> <span class='ocrx_word' id='word_1_301' title='bbox 1422 2882 1464 2923; x_wconf 97' lang='lat'>4.</span> <span class='ocrx_word' id='word_1_302' title='bbox 1542 2881 1714 2931; x_wconf 88' lang='lat' dir='ltr'>Incipit</span> <span class='ocrx_word' id='word_1_303' title='bbox 1756 2881 1964 2932; x_wconf 84' lang='lat' dir='ltr'>hystoria</span> <span class='ocrx_word' id='word_1_304' title='bbox 1992 2882 2403 2931; x_wconf 84' lang='lat' dir='ltr'>Longobardornm</span> <span class='ocrx_word' id='word_1_305' title='bbox 2434 2893 2463 2922; x_wconf 88' lang='lat' dir='ltr'>a</span> <span class='ocrx_word' id='word_1_306' title='bbox 2505 2882 2651 2922; x_wconf 87' lang='lat' dir='ltr'>Paulo</span> <span class='ocrx_word' id='word_1_307' title='bbox 2683 2882 2857 2923; x_wconf 83' lang='lat' dir='ltr'>dictata</span> 
     </span>
     <span class='ocr_line' id='line_1_32' title="bbox 607 2938 2859 2991; baseline 0.001 -14"><span class='ocrx_word' id='word_1_308' title='bbox 607 2938 731 2978; x_wconf 85' lang='lat' dir='ltr'>liber</span> <span class='ocrx_word' id='word_1_309' title='bbox 759 2938 798 2979; x_wconf 90' lang='lat' dir='ltr'>I.</span> <span class='ocrx_word' id='word_1_310' title='bbox 816 2938 839 2977; x_wconf 95' lang='lat'>1</span> <span class='ocrx_word' id='word_1_311' title='bbox 874 2940 944 2979; x_wconf 79' lang='lat' dir='ltr'>la.</span> <span class='ocrx_word' id='word_1_312' title='bbox 1049 2938 1098 2990; x_wconf 90' lang='lat' dir='ltr'>b)</span> <span class='ocrx_word' id='word_1_313' title='bbox 1132 2939 1197 2977; x_wconf 80' lang='lat' dir='ltr'>De</span> <span class='ocrx_word' id='word_1_314' title='bbox 1225 2938 1439 2978; x_wconf 70' lang='lat' dir='ltr'>codicibus</span> <span class='ocrx_word' id='word_1_315' title='bbox 1469 2940 1547 2989; x_wconf 77' lang='lat' dir='ltr'>qui</span> <span class='ocrx_word' id='word_1_316' title='bbox 1574 2941 1758 2990; x_wconf 63' lang='lat' dir='ltr'>singulis</span> <span class='ocrx_word' id='word_1_317' title='bbox 1788 2941 2025 2991; x_wconf 71' lang='lat' dir='ltr'>quibusque</span> <span class='ocrx_word' id='word_1_318' title='bbox 2054 2942 2257 2991; x_wconf 68' lang='lat' dir='ltr'>capitulis</span> <span class='ocrx_word' id='word_1_319' title='bbox 2288 2946 2542 2991; x_wconf 62' lang='lat' dir='ltr'>argumenta</span> <span class='ocrx_word' id='word_1_320' title='bbox 2565 2942 2859 2991; x_wconf 73' lang='lat' dir='ltr'>praemittunt</span> 
     </span>
     <span class='ocr_line' id='line_1_33' title="bbox 606 2995 2851 3051; baseline 0.002 -16"><span class='ocrx_word' id='word_1_321' title='bbox 606 3008 649 3038; x_wconf 79' lang='grc' dir='ltr'>υ.</span> <span class='ocrx_word' id='word_1_322' title='bbox 673 2996 1009 3046; x_wconf 73' lang='lat' dir='ltr'>praefationem.</span> <span class='ocrx_word' id='word_1_323' title='bbox 1141 2995 1182 3048; x_wconf 93' lang='lat' dir='ltr'>c)</span> <span class='ocrx_word' id='word_1_324' title='bbox 1215 2998 1326 3037; x_wconf 70' lang='lat' dir='ltr'>deest</span> <span class='ocrx_word' id='word_1_325' title='bbox 1355 2998 1398 3038; x_wconf 91' lang='lat' dir='ltr'>A</span> <span class='ocrx_word' id='word_1_326' title='bbox 1430 2999 1487 3049; x_wconf 71' lang='grc' dir='ltr'>ὃς</span> <span class='ocrx_word' id='word_1_327' title='bbox 1520 3000 1834 3049; x_wconf 73' lang='lat' dir='ltr'>corporalibus</span> <span class='ocrx_word' id='word_1_328' title='bbox 1864 3000 1909 3041; x_wconf 91' lang='lat' dir='ltr'>h.</span> <span class='ocrx_word' id='word_1_329' title='bbox 1943 3004 1995 3040; x_wconf 89' lang='lat' dir='ltr'>ut</span> <span class='ocrx_word' id='word_1_330' title='bbox 2024 3000 2065 3039; x_wconf 88' lang='lat' dir='ltr'>A</span> <span class='ocrx_word' id='word_1_331' title='bbox 2098 3001 2139 3041; x_wconf 93' lang='grc'>2.</span> <span class='ocrx_word' id='word_1_332' title='bbox 2173 3002 2244 3041; x_wconf 82' lang='lat' dir='ltr'>2a.</span> <span class='ocrx_word' id='word_1_333' title='bbox 2358 2998 2405 3051; x_wconf 87' lang='lat' dir='ltr'>d)</span> <span class='ocrx_word' id='word_1_334' title='bbox 2436 3001 2547 3039; x_wconf 68' lang='lat' dir='ltr'>deest</span> <span class='ocrx_word' id='word_1_335' title='bbox 2577 3001 2619 3039; x_wconf 90' lang='lat' dir='ltr'>D</span> <span class='ocrx_word' id='word_1_336' title='bbox 2654 2999 2695 3039; x_wconf 84' lang='grc'>3.</span> <span class='ocrx_word' id='word_1_337' title='bbox 2731 3002 2777 3039; x_wconf 85' lang='lat'>4.</span> <span class='ocrx_word' id='word_1_338' title='bbox 2795 3002 2851 3041; x_wconf 89' lang='lat' dir='ltr'>H.</span> 
     </span>
     <span class='ocr_line' id='line_1_34' title="bbox 608 3052 2854 3109; baseline 0.002 -14"><span class='ocrx_word' id='word_1_339' title='bbox 608 3052 652 3107; x_wconf 84' lang='lat' dir='ltr'>e)</span> <span class='ocrx_word' id='word_1_340' title='bbox 687 3057 834 3104; x_wconf 81' lang='lat' dir='ltr'>magis</span> <span class='ocrx_word' id='word_1_341' title='bbox 880 3066 919 3097; x_wconf 89' lang='lat' dir='ltr'>c.</span> <span class='ocrx_word' id='word_1_342' title='bbox 951 3056 988 3097; x_wconf 84' lang='lat' dir='ltr'>G</span> <span class='ocrx_word' id='word_1_343' title='bbox 1020 3056 1062 3095; x_wconf 91' lang='grc'>2.</span> <span class='ocrx_word' id='word_1_344' title='bbox 1094 3056 1137 3095; x_wconf 90' lang='lat' dir='ltr'><strong>D</strong></span> <span class='ocrx_word' id='word_1_345' title='bbox 1172 3058 1216 3097; x_wconf 92' lang='grc'>3.</span> <span class='ocrx_word' id='word_1_346' title='bbox 1250 3055 1290 3095; x_wconf 87' lang='grc'><strong>5.</strong></span> <span class='ocrx_word' id='word_1_347' title='bbox 1320 3058 1346 3097; x_wconf 94' lang='lat'>1</span> <span class='ocrx_word' id='word_1_348' title='bbox 1377 3059 1450 3098; x_wconf 87' lang='lat' dir='ltr'>la.</span> <span class='ocrx_word' id='word_1_349' title='bbox 1482 3058 1528 3097; x_wconf 90' lang='lat' dir='ltr'>b.</span> <span class='ocrx_word' id='word_1_350' title='bbox 1659 3057 1697 3109; x_wconf 80' lang='lat' dir='ltr'>f)</span> <span class='ocrx_word' id='word_1_351' title='bbox 1732 3060 1815 3107; x_wconf 84' lang='lat' dir='ltr'>qui</span> <span class='ocrx_word' id='word_1_352' title='bbox 1844 3060 1882 3099; x_wconf 92' lang='grc' dir='ltr'>Β</span> <span class='ocrx_word' id='word_1_353' title='bbox 1916 3060 1955 3099; x_wconf 89' lang='lat'>1.</span> <span class='ocrx_word' id='word_1_354' title='bbox 1988 3061 2031 3101; x_wconf 87' lang='grc'>2.</span> <span class='ocrx_word' id='word_1_355' title='bbox 2072 3060 2143 3099; x_wconf 70' lang='grc' dir='ltr'>2ο.</span> <span class='ocrx_word' id='word_1_356' title='bbox 2186 3060 2230 3098; x_wconf 91' lang='lat' dir='ltr'>D</span> <span class='ocrx_word' id='word_1_357' title='bbox 2265 3060 2317 3109; x_wconf 81' lang='lat'>13</span> <span class='ocrx_word' id='word_1_358' title='bbox 2362 3070 2451 3107; x_wconf 89' lang='lat' dir='ltr'>que</span> <span class='ocrx_word' id='word_1_359' title='bbox 2483 3058 2524 3097; x_wconf 88' lang='lat' dir='ltr'>A</span> <span class='ocrx_word' id='word_1_360' title='bbox 2556 3060 2595 3099; x_wconf 75' lang='grc'>7.</span> <span class='ocrx_word' id='word_1_361' title='bbox 2628 3059 2666 3099; x_wconf 90' lang='grc' dir='ltr'><strong>Β</strong></span> <span class='ocrx_word' id='word_1_362' title='bbox 2701 3060 2775 3099; x_wconf 80' lang='lat' dir='ltr'>la.</span> <span class='ocrx_word' id='word_1_363' title='bbox 2811 3058 2854 3099; x_wconf 85' lang='grc'>3.</span> 
     </span>
     <span class='ocr_line' id='line_1_35' title="bbox 605 3114 2853 3169; baseline 0.002 -14"><span class='ocrx_word' id='word_1_364' title='bbox 605 3115 644 3155; x_wconf 72' lang='grc' dir='ltr'>Ε</span> <span class='ocrx_word' id='word_1_365' title='bbox 678 3117 720 3154; x_wconf 88' lang='grc'>1.</span> <span class='ocrx_word' id='word_1_366' title='bbox 749 3115 788 3155; x_wconf 88' lang='lat' dir='ltr'><strong>F</strong></span> <span class='ocrx_word' id='word_1_367' title='bbox 817 3114 890 3156; x_wconf 87' lang='lat' dir='ltr'>4a.</span> <span class='ocrx_word' id='word_1_368' title='bbox 923 3114 976 3164; x_wconf 70' lang='grc' dir='ltr'>ὃς</span> <span class='ocrx_word' id='word_1_369' title='bbox 1021 3114 1060 3154; x_wconf 89' lang='grc' dir='ltr'>Β</span> <span class='ocrx_word' id='word_1_370' title='bbox 1093 3116 1118 3154; x_wconf 89' lang='grc'><strong>2</strong></span> <span class='ocrx_word' id='word_1_371' title='bbox 1150 3120 1188 3153; x_wconf 75' lang='lat' dir='ltr'>ec</span> <span class='ocrx_word' id='word_1_372' title='bbox 1218 3114 1261 3153; x_wconf 92' lang='lat' dir='ltr'>D</span> <span class='ocrx_word' id='word_1_373' title='bbox 1295 3118 1317 3156; x_wconf 89' lang='lat'><strong>1</strong></span> <span class='ocrx_word' id='word_1_374' title='bbox 1353 3128 1374 3155; x_wconf 82' lang='lat' dir='ltr'>e</span> <span class='ocrx_word' id='word_1_375' title='bbox 1404 3128 1546 3167; x_wconf 70' lang='lat' dir='ltr'>com-‚3</span> <span class='ocrx_word' id='word_1_376' title='bbox 1588 3120 1759 3167; x_wconf 84' lang='lat' dir='ltr'>quanto</span> <span class='ocrx_word' id='word_1_377' title='bbox 1788 3117 1835 3157; x_wconf 80' lang='grc' dir='ltr'>Η</span> <span class='ocrx_word' id='word_1_378' title='bbox 1868 3119 1907 3159; x_wconf 91' lang='grc'>1.</span> <span class='ocrx_word' id='word_1_379' title='bbox 1942 3119 1984 3159; x_wconf 94' lang='lat'>4.</span> <span class='ocrx_word' id='word_1_380' title='bbox 2114 3117 2161 3169; x_wconf 88' lang='lat' dir='ltr'>g)</span> <span class='ocrx_word' id='word_1_381' title='bbox 2194 3119 2374 3159; x_wconf 84' lang='lat' dir='ltr'>fervore</span> <span class='ocrx_word' id='word_1_382' title='bbox 2408 3118 2442 3158; x_wconf 84' lang='lat' dir='ltr'>C</span> <span class='ocrx_word' id='word_1_383' title='bbox 2472 3116 2545 3158; x_wconf 88' lang='lat' dir='ltr'>4b.</span> <span class='ocrx_word' id='word_1_384' title='bbox 2581 3117 2623 3158; x_wconf 79' lang='lat'>5.</span> <span class='ocrx_word' id='word_1_385' title='bbox 2656 3118 2693 3157; x_wconf 86' lang='lat' dir='ltr'><strong>F</strong></span> <span class='ocrx_word' id='word_1_386' title='bbox 2727 3118 2777 3159; x_wconf 87' lang='grc'>2.</span> <span class='ocrx_word' id='word_1_387' title='bbox 2809 3118 2853 3160; x_wconf 85' lang='grc'>3.</span> 
     </span>
     <span class='ocr_line' id='line_1_36' title="bbox 605 3173 2852 3229; baseline 0.002 -16"><span class='ocrx_word' id='word_1_388' title='bbox 605 3174 631 3213; x_wconf 94' lang='lat'>1</span> <span class='ocrx_word' id='word_1_389' title='bbox 661 3176 710 3224; x_wconf 78' lang='lat'>23</span> <span class='ocrx_word' id='word_1_390' title='bbox 741 3173 935 3214; x_wconf 81' lang='lat' dir='ltr'>fervoris</span> <span class='ocrx_word' id='word_1_391' title='bbox 965 3175 1005 3215; x_wconf 81' lang='grc' dir='ltr'><strong>Ε</strong></span> <span class='ocrx_word' id='word_1_392' title='bbox 1041 3176 1092 3225; x_wconf 80' lang='grc'><strong>1;</strong></span> <span class='ocrx_word' id='word_1_393' title='bbox 1123 3175 1278 3215; x_wconf 78' lang='lat' dir='ltr'>fervor</span> <span class='ocrx_word' id='word_1_394' title='bbox 1311 3174 1352 3215; x_wconf 92' lang='lat' dir='ltr'>G</span> <span class='ocrx_word' id='word_1_395' title='bbox 1383 3176 1424 3215; x_wconf 82' lang='lat'>3.</span> <span class='ocrx_word' id='word_1_396' title='bbox 1544 3174 1592 3227; x_wconf 92' lang='lat' dir='ltr'>h)</span> <span class='ocrx_word' id='word_1_397' title='bbox 1626 3180 1671 3217; x_wconf 86' lang='lat' dir='ltr'>et</span> <span class='ocrx_word' id='word_1_398' title='bbox 1704 3175 1746 3217; x_wconf 90' lang='lat' dir='ltr'>G</span> <span class='ocrx_word' id='word_1_399' title='bbox 1779 3177 1819 3216; x_wconf 87' lang='grc'>3.</span> <span class='ocrx_word' id='word_1_400' title='bbox 1850 3178 1894 3216; x_wconf 83' lang='grc'>4.</span> <span class='ocrx_word' id='word_1_401' title='bbox 2015 3176 2049 3229; x_wconf 88' lang='lat' dir='ltr'>i)</span> <span class='ocrx_word' id='word_1_402' title='bbox 2086 3178 2197 3216; x_wconf 69' lang='lat' dir='ltr'>deest</span> <span class='ocrx_word' id='word_1_403' title='bbox 2226 3176 2369 3227; x_wconf 71' lang='lat' dir='ltr'>spatio</span> <span class='ocrx_word' id='word_1_404' title='bbox 2399 3187 2536 3217; x_wconf 78' lang='lat' dir='ltr'>vacuo</span> <span class='ocrx_word' id='word_1_405' title='bbox 2566 3176 2714 3215; x_wconf 71' lang='lat' dir='ltr'>relicto</span> <span class='ocrx_word' id='word_1_406' title='bbox 2749 3178 2790 3218; x_wconf 85' lang='lat' dir='ltr'><strong>E</strong></span> <span class='ocrx_word' id='word_1_407' title='bbox 2811 3180 2852 3218; x_wconf 93' lang='lat'>1.</span> 
     </span>
     <span class='ocr_line' id='line_1_37' title="bbox 605 3230 2851 3287; baseline 0.003 -16"><span class='ocrx_word' id='word_1_408' title='bbox 605 3230 656 3285; x_wconf 80' lang='lat' dir='ltr'>k)</span> <span class='ocrx_word' id='word_1_409' title='bbox 687 3234 797 3273; x_wconf 65' lang='lat' dir='ltr'>deest</span> <span class='ocrx_word' id='word_1_410' title='bbox 827 3233 870 3272; x_wconf 92' lang='lat' dir='ltr'>D</span> <span class='ocrx_word' id='word_1_411' title='bbox 905 3234 946 3273; x_wconf 84' lang='grc'>3.</span> <span class='ocrx_word' id='word_1_412' title='bbox 979 3234 1024 3276; x_wconf 86' lang='lat'>4.</span> <span class='ocrx_word' id='word_1_413' title='bbox 1146 3232 1184 3287; x_wconf 92' lang='lat'>1)</span> <span class='ocrx_word' id='word_1_414' title='bbox 1215 3233 1272 3276; x_wconf 89' lang='lat' dir='ltr'>U.</span> <span class='ocrx_word' id='word_1_415' title='bbox 1304 3234 1334 3275; x_wconf 78' lang='lat' dir='ltr'>f.</span> <span class='ocrx_word' id='word_1_416' title='bbox 1367 3238 1418 3274; x_wconf 87' lang='lat' dir='ltr'>ut</span> <span class='ocrx_word' id='word_1_417' title='bbox 1449 3240 1478 3276; x_wconf 82' lang='lat' dir='ltr'>t.</span> <span class='ocrx_word' id='word_1_418' title='bbox 1512 3234 1599 3275; x_wconf 70' lang='lat' dir='ltr'>des.</span> <span class='ocrx_word' id='word_1_419' title='bbox 1632 3236 1671 3275; x_wconf 81' lang='grc' dir='ltr'>Ε</span> <span class='ocrx_word' id='word_1_420' title='bbox 1707 3236 1747 3275; x_wconf 93' lang='lat'>1.</span> <span class='ocrx_word' id='word_1_421' title='bbox 1870 3234 1933 3286; x_wconf 90' lang='lat' dir='ltr'>m)</span> <span class='ocrx_word' id='word_1_422' title='bbox 1968 3238 2091 3276; x_wconf 85' lang='lat' dir='ltr'>arcto</span> <span class='ocrx_word' id='word_1_423' title='bbox 2124 3236 2167 3276; x_wconf 89' lang='lat' dir='ltr'>A</span> <span class='ocrx_word' id='word_1_424' title='bbox 2197 3232 2258 3275; x_wconf 83' lang='lat'>·3.</span> <span class='ocrx_word' id='word_1_425' title='bbox 2291 3236 2330 3275; x_wconf 83' lang='grc'>3.</span> <span class='ocrx_word' id='word_1_426' title='bbox 2365 3237 2405 3276; x_wconf 85' lang='grc'>6.</span> <span class='ocrx_word' id='word_1_427' title='bbox 2438 3237 2478 3277; x_wconf 88' lang='grc' dir='ltr'><strong>Β</strong></span> <span class='ocrx_word' id='word_1_428' title='bbox 2513 3237 2555 3276; x_wconf 91' lang='grc'>1.</span> <span class='ocrx_word' id='word_1_429' title='bbox 2589 3236 2632 3280; x_wconf 93' lang='grc'>3.</span> <span class='ocrx_word' id='word_1_430' title='bbox 2663 3236 2712 3277; x_wconf 82' lang='lat'>0.</span> <span class='ocrx_word' id='word_1_431' title='bbox 2748 3236 2793 3275; x_wconf 91' lang='lat' dir='ltr'>D</span> <span class='ocrx_word' id='word_1_432' title='bbox 2826 3239 2851 3277; x_wconf 89' lang='lat'>1</span> 
     </span>
     <span class='ocr_line' id='line_1_38' title="bbox 607 3290 2851 3345; baseline 0.002 -13"><span class='ocrx_word' id='word_1_433' title='bbox 607 3291 674 3345; x_wconf 71' lang='lat' dir='ltr'>(in</span> <span class='ocrx_word' id='word_1_434' title='bbox 702 3303 864 3343; x_wconf 64' lang='lat' dir='ltr'>mara„-</span> <span class='ocrx_word' id='word_1_435' title='bbox 895 3292 970 3332; x_wconf 81' lang='lat' dir='ltr'>vel</span> <span class='ocrx_word' id='word_1_436' title='bbox 1001 3290 1212 3344; x_wconf 85' lang='lat' dir='ltr'>arcturo).</span> <span class='ocrx_word' id='word_1_437' title='bbox 1247 3295 1317 3333; x_wconf 87' lang='lat' dir='ltr'>la.</span> <span class='ocrx_word' id='word_1_438' title='bbox 1339 3294 1422 3344; x_wconf 78' lang='lat' dir='ltr'>4a3</span> <span class='ocrx_word' id='word_1_439' title='bbox 1453 3295 1611 3334; x_wconf 88' lang='lat' dir='ltr'>arctho</span> <span class='ocrx_word' id='word_1_440' title='bbox 1642 3306 1759 3334; x_wconf 81' lang='lat' dir='ltr'>corr.</span> <span class='ocrx_word' id='word_1_441' title='bbox 1794 3296 1976 3334; x_wconf 82' lang='lat' dir='ltr'>arcthoo</span> <span class='ocrx_word' id='word_1_442' title='bbox 2008 3294 2049 3335; x_wconf 91' lang='lat' dir='ltr'>A</span> <span class='ocrx_word' id='word_1_443' title='bbox 2068 3296 2115 3345; x_wconf 78' lang='lat'>53</span> <span class='ocrx_word' id='word_1_444' title='bbox 2147 3298 2328 3335; x_wconf 83' lang='lat' dir='ltr'>arcturo</span> <span class='ocrx_word' id='word_1_445' title='bbox 2361 3295 2402 3334; x_wconf 98' lang='lat' dir='ltr'>A</span> <span class='ocrx_word' id='word_1_446' title='bbox 2422 3296 2465 3335; x_wconf 84' lang='grc'>2.</span> <span class='ocrx_word' id='word_1_447' title='bbox 2496 3296 2539 3334; x_wconf 94' lang='lat' dir='ltr'>D</span> <span class='ocrx_word' id='word_1_448' title='bbox 2574 3296 2615 3336; x_wconf 91' lang='grc'>2.</span> <span class='ocrx_word' id='word_1_449' title='bbox 2651 3292 2713 3336; x_wconf 74' lang='grc'>’3.</span> <span class='ocrx_word' id='word_1_450' title='bbox 2752 3296 2851 3337; x_wconf 62' lang='lat' dir='ltr'>ab.</span> 
     </span>
     <span class='ocr_line' id='line_1_39' title="bbox 605 3350 2851 3405; baseline 0.001 -14"><span class='ocrx_word' id='word_1_451' title='bbox 605 3352 650 3391; x_wconf 89' lang='lat' dir='ltr'>H</span> <span class='ocrx_word' id='word_1_452' title='bbox 682 3353 725 3392; x_wconf 92' lang='lat'>1.</span> <span class='ocrx_word' id='word_1_453' title='bbox 755 3353 810 3401; x_wconf 78' lang='lat'>43</span> <span class='ocrx_word' id='word_1_454' title='bbox 841 3352 993 3391; x_wconf 86' lang='lat' dir='ltr'>aictuo</span> <span class='ocrx_word' id='word_1_455' title='bbox 1029 3350 1070 3396; x_wconf 83' lang='lat' dir='ltr'>G</span> <span class='ocrx_word' id='word_1_456' title='bbox 1102 3352 1144 3391; x_wconf 83' lang='lat'>3.</span> <span class='ocrx_word' id='word_1_457' title='bbox 1177 3354 1231 3402; x_wconf 81' lang='lat'>43</span> <span class='ocrx_word' id='word_1_458' title='bbox 1276 3356 1426 3393; x_wconf 84' lang='lat' dir='ltr'>arctos</span> <span class='ocrx_word' id='word_1_459' title='bbox 1459 3352 1501 3393; x_wconf 97' lang='lat' dir='ltr'>G</span> <span class='ocrx_word' id='word_1_460' title='bbox 1532 3352 1605 3394; x_wconf 71' lang='lat' dir='ltr'>bb.</span> <span class='ocrx_word' id='word_1_461' title='bbox 1627 3364 1665 3393; x_wconf 89' lang='lat' dir='ltr'>c.</span> <span class='ocrx_word' id='word_1_462' title='bbox 1702 3354 1751 3403; x_wconf 79' lang='lat'>63</span> <span class='ocrx_word' id='word_1_463' title='bbox 1796 3357 1953 3393; x_wconf 84' lang='lat' dir='ltr'>actoos</span> <span class='ocrx_word' id='word_1_464' title='bbox 1986 3353 2028 3394; x_wconf 89' lang='lat' dir='ltr'>G</span> <span class='ocrx_word' id='word_1_465' title='bbox 2060 3354 2129 3405; x_wconf 70' lang='lat'>&#39;53</span> <span class='ocrx_word' id='word_1_466' title='bbox 2175 3354 2370 3394; x_wconf 88' lang='lat' dir='ltr'>articulo</span> <span class='ocrx_word' id='word_1_467' title='bbox 2410 3354 2447 3394; x_wconf 99' lang='lat' dir='ltr'><strong>F</strong></span> <span class='ocrx_word' id='word_1_468' title='bbox 2480 3354 2537 3405; x_wconf 71' lang='grc' dir='ltr'>ῦς</span> <span class='ocrx_word' id='word_1_469' title='bbox 2578 3364 2620 3395; x_wconf 87' lang='lat' dir='ltr'>a.</span> <span class='ocrx_word' id='word_1_470' title='bbox 2656 3365 2693 3395; x_wconf 84' lang='lat' dir='ltr'>s.</span> <span class='ocrx_word' id='word_1_471' title='bbox 2729 3364 2771 3397; x_wconf 77' lang='lat' dir='ltr'>a.</span> <span class='ocrx_word' id='word_1_472' title='bbox 2810 3366 2851 3394; x_wconf 91' lang='grc' dir='ltr'>ο.</span> 
     </span>
     <span class='ocr_line' id='line_1_40' title="bbox 605 3407 2849 3463; baseline 0.002 -14"><span class='ocrx_word' id='word_1_473' title='bbox 605 3410 694 3449; x_wconf 72' lang='lat' dir='ltr'>des.</span> <span class='ocrx_word' id='word_1_474' title='bbox 725 3411 869 3459; x_wconf 69' lang='lat' dir='ltr'>spatio</span> <span class='ocrx_word' id='word_1_475' title='bbox 899 3420 1036 3449; x_wconf 79' lang='lat' dir='ltr'>vacuo</span> <span class='ocrx_word' id='word_1_476' title='bbox 1065 3412 1210 3450; x_wconf 76' lang='lat' dir='ltr'>relicto</span> <span class='ocrx_word' id='word_1_477' title='bbox 1241 3412 1279 3450; x_wconf 81' lang='lat' dir='ltr'><strong>E</strong></span> <span class='ocrx_word' id='word_1_478' title='bbox 1316 3414 1357 3453; x_wconf 86' lang='lat'>1.</span> <span class='ocrx_word' id='word_1_479' title='bbox 1463 3407 1514 3462; x_wconf 89' lang='lat' dir='ltr'>n)</span> <span class='ocrx_word' id='word_1_480' title='bbox 1543 3416 1637 3451; x_wconf 85' lang='lat' dir='ltr'>tam</span> <span class='ocrx_word' id='word_1_481' title='bbox 1668 3417 1858 3453; x_wconf 85' lang='lat' dir='ltr'>actenus</span> <span class='ocrx_word' id='word_1_482' title='bbox 1888 3414 1926 3453; x_wconf 92' lang='grc' dir='ltr'>Β</span> <span class='ocrx_word' id='word_1_483' title='bbox 1963 3414 2011 3463; x_wconf 85' lang='grc'><strong>1;</strong></span> <span class='ocrx_word' id='word_1_484' title='bbox 2046 3434 2097 3442; x_wconf 86' lang='grc'>-</span> <span class='ocrx_word' id='word_1_485' title='bbox 2132 3414 2164 3454; x_wconf 88' lang='lat' dir='ltr'>i.</span> <span class='ocrx_word' id='word_1_486' title='bbox 2197 3424 2220 3452; x_wconf 90' lang='lat' dir='ltr'>r</span> <span class='ocrx_word' id='word_1_487' title='bbox 2264 3413 2319 3454; x_wconf 85' lang='grc' dir='ltr'>Τ.</span> <span class='ocrx_word' id='word_1_488' title='bbox 2352 3416 2384 3454; x_wconf 87' lang='lat' dir='ltr'>t.</span> <span class='ocrx_word' id='word_1_489' title='bbox 2418 3414 2503 3455; x_wconf 71' lang='lat' dir='ltr'>des.</span> <span class='ocrx_word' id='word_1_490' title='bbox 2536 3413 2681 3462; x_wconf 69' lang='lat' dir='ltr'>spacio</span> <span class='ocrx_word' id='word_1_491' title='bbox 2710 3424 2849 3454; x_wconf 76' lang='lat' dir='ltr'>vacuo</span> 
     </span>
    </p>

    <p class='ocr_par' dir='ltr' id='par_1_5' title="bbox 552 3468 2853 4228">
     <span class='ocr_line' id='line_1_41' title="bbox 552 3468 2848 3523; baseline 0.003 -17"><span class='ocrx_word' id='word_1_492' title='bbox 552 3516 558 3523; x_wconf 39' lang='lat'>¹</span> <span class='ocrx_word' id='word_1_493' title='bbox 606 3468 751 3506; x_wconf 75' lang='lat' dir='ltr'>relicto</span> <span class='ocrx_word' id='word_1_494' title='bbox 781 3470 820 3508; x_wconf 79' lang='grc' dir='ltr'><strong>Ε</strong></span> <span class='ocrx_word' id='word_1_495' title='bbox 857 3470 911 3519; x_wconf 82' lang='lat'>13</span> <span class='ocrx_word' id='word_1_496' title='bbox 943 3479 978 3507; x_wconf 91' lang='lat' dir='ltr'>r.</span> <span class='ocrx_word' id='word_1_497' title='bbox 1012 3469 1204 3508; x_wconf 81' lang='lat' dir='ltr'>veniens</span> <span class='ocrx_word' id='word_1_498' title='bbox 1234 3480 1280 3509; x_wconf 88' lang='lat' dir='ltr'>u.</span> <span class='ocrx_word' id='word_1_499' title='bbox 1314 3479 1357 3511; x_wconf 91' lang='lat' dir='ltr'>o.</span> <span class='ocrx_word' id='word_1_500' title='bbox 1389 3470 1426 3510; x_wconf 98' lang='lat' dir='ltr'><strong>F</strong></span> <span class='ocrx_word' id='word_1_501' title='bbox 1459 3470 1506 3511; x_wconf 84' lang='lat'>5.</span> <span class='ocrx_word' id='word_1_502' title='bbox 1627 3470 1672 3522; x_wconf 93' lang='grc' dir='ltr'>ο)</span> <span class='ocrx_word' id='word_1_503' title='bbox 1706 3471 1819 3511; x_wconf 81' lang='lat' dir='ltr'>lieet</span> <span class='ocrx_word' id='word_1_504' title='bbox 1847 3472 1953 3511; x_wconf 86' lang='lat' dir='ltr'>loca</span> <span class='ocrx_word' id='word_1_505' title='bbox 1984 3473 2170 3520; x_wconf 83' lang='lat' dir='ltr'>singula</span> <span class='ocrx_word' id='word_1_506' title='bbox 2201 3484 2248 3513; x_wconf 90' lang='lat' dir='ltr'>n.</span> <span class='ocrx_word' id='word_1_507' title='bbox 2281 3473 2469 3523; x_wconf 84' lang='lat' dir='ltr'>proprio</span> <span class='ocrx_word' id='word_1_508' title='bbox 2501 3474 2691 3513; x_wconf 84' lang='lat' dir='ltr'>nomine</span> <span class='ocrx_word' id='word_1_509' title='bbox 2722 3473 2764 3512; x_wconf 86' lang='lat' dir='ltr'><strong>F</strong></span> <span class='ocrx_word' id='word_1_510' title='bbox 2796 3474 2848 3523; x_wconf 76' lang='lat'>23</span> 
     </span>
     <span class='ocr_line' id='line_1_42' title="bbox 606 3526 2853 3582; baseline 0.003 -17"><span class='ocrx_word' id='word_1_511' title='bbox 606 3526 718 3565; x_wconf 89' lang='lat' dir='ltr'>licet</span> <span class='ocrx_word' id='word_1_512' title='bbox 747 3530 794 3565; x_wconf 85' lang='lat' dir='ltr'>et</span> <span class='ocrx_word' id='word_1_513' title='bbox 824 3530 1012 3576; x_wconf 88' lang='lat' dir='ltr'>propter</span> <span class='ocrx_word' id='word_1_514' title='bbox 1040 3528 1145 3567; x_wconf 89' lang='lat' dir='ltr'>loca</span> <span class='ocrx_word' id='word_1_515' title='bbox 1190 3528 1375 3577; x_wconf 82' lang='lat' dir='ltr'>singulo</span> <span class='ocrx_word' id='word_1_516' title='bbox 1407 3540 1453 3568; x_wconf 88' lang='lat' dir='ltr'>n.</span> <span class='ocrx_word' id='word_1_517' title='bbox 1501 3531 1689 3571; x_wconf 87' lang='lat' dir='ltr'>nomine</span> <span class='ocrx_word' id='word_1_518' title='bbox 1720 3530 1757 3569; x_wconf 88' lang='lat' dir='ltr'><strong>F</strong></span> <span class='ocrx_word' id='word_1_519' title='bbox 1790 3530 1863 3581; x_wconf 78' lang='lat'>⁴23</span> <span class='ocrx_word' id='word_1_520' title='bbox 1906 3531 2019 3571; x_wconf 87' lang='lat' dir='ltr'>licet</span> <span class='ocrx_word' id='word_1_521' title='bbox 2048 3535 2094 3571; x_wconf 86' lang='lat' dir='ltr'>et</span> <span class='ocrx_word' id='word_1_522' title='bbox 2122 3534 2310 3582; x_wconf 86' lang='lat' dir='ltr'>propter</span> <span class='ocrx_word' id='word_1_523' title='bbox 2350 3532 2455 3571; x_wconf 87' lang='lat' dir='ltr'>loca</span> <span class='ocrx_word' id='word_1_524' title='bbox 2498 3532 2550 3571; x_wconf 89' lang='lat' dir='ltr'>in</span> <span class='ocrx_word' id='word_1_525' title='bbox 2580 3542 2637 3571; x_wconf 87' lang='lat' dir='ltr'>ea</span> <span class='ocrx_word' id='word_1_526' title='bbox 2667 3530 2853 3581; x_wconf 85' lang='lat' dir='ltr'>singula</span> 
     </span>
     <span class='ocr_line' id='line_1_43' title="bbox 607 3583 2846 3645; baseline 0.004 -21"><span class='ocrx_word' id='word_1_527' title='bbox 607 3596 652 3625; x_wconf 89' lang='lat' dir='ltr'>n.</span> <span class='ocrx_word' id='word_1_528' title='bbox 684 3586 871 3626; x_wconf 88' lang='lat' dir='ltr'>nomine</span> <span class='ocrx_word' id='word_1_529' title='bbox 899 3586 938 3627; x_wconf 82' lang='lat' dir='ltr'><strong>F</strong></span> <span class='ocrx_word' id='word_1_530' title='bbox 970 3585 1013 3625; x_wconf 89' lang='grc'>3.</span> <span class='ocrx_word' id='word_1_531' title='bbox 1133 3583 1183 3636; x_wconf 88' lang='lat' dir='ltr'>p)</span> <span class='ocrx_word' id='word_1_532' title='bbox 1215 3587 1267 3626; x_wconf 89' lang='lat' dir='ltr'>in</span> <span class='ocrx_word' id='word_1_533' title='bbox 1297 3596 1354 3627; x_wconf 86' lang='lat' dir='ltr'>ea</span> <span class='ocrx_word' id='word_1_534' title='bbox 1383 3589 1470 3630; x_wconf 72' lang='lat' dir='ltr'>des.</span> <span class='ocrx_word' id='word_1_535' title='bbox 1504 3589 1604 3630; x_wconf 76' lang='lat' dir='ltr'>Ao.</span> <span class='ocrx_word' id='word_1_536' title='bbox 1634 3590 1671 3628; x_wconf 87' lang='lat' dir='ltr'><strong>F</strong></span> <span class='ocrx_word' id='word_1_537' title='bbox 1704 3590 1747 3631; x_wconf 86' lang='grc'>2.</span> <span class='ocrx_word' id='word_1_538' title='bbox 1780 3590 1821 3631; x_wconf 89' lang='grc'>3.</span> <span class='ocrx_word' id='word_1_539' title='bbox 1857 3589 1898 3630; x_wconf 87' lang='lat' dir='ltr'>G</span> <span class='ocrx_word' id='word_1_540' title='bbox 1917 3590 1956 3628; x_wconf 95' lang='grc'>2.</span> <span class='ocrx_word' id='word_1_541' title='bbox 1988 3590 2039 3629; x_wconf 78' lang='lat' dir='ltr'>ed</span> <span class='ocrx_word' id='word_1_542' title='bbox 2064 3600 2139 3639; x_wconf 79' lang='lat' dir='ltr'>pr.</span> <span class='ocrx_word' id='word_1_543' title='bbox 2260 3590 2312 3645; x_wconf 86' lang='lat' dir='ltr'>q)</span> <span class='ocrx_word' id='word_1_544' title='bbox 2340 3590 2552 3639; x_wconf 79' lang='lat' dir='ltr'>Regnum</span> <span class='ocrx_word' id='word_1_545' title='bbox 2582 3590 2623 3631; x_wconf 88' lang='lat' dir='ltr'>A</span> <span class='ocrx_word' id='word_1_546' title='bbox 2657 3591 2698 3641; x_wconf 90' lang='grc'>2,</span> <span class='ocrx_word' id='word_1_547' title='bbox 2730 3602 2846 3633; x_wconf 78' lang='lat' dir='ltr'>corr.</span> 
     </span>
     <span class='ocr_line' id='line_1_44' title="bbox 606 3642 2851 3699; baseline 0.004 -16"><span class='ocrx_word' id='word_1_548' title='bbox 606 3643 786 3683; x_wconf 84' lang='lat' dir='ltr'>Renum</span> <span class='ocrx_word' id='word_1_549' title='bbox 815 3644 858 3684; x_wconf 90' lang='lat' dir='ltr'>A</span> <span class='ocrx_word' id='word_1_550' title='bbox 889 3642 962 3694; x_wconf 74' lang='lat'>‘33</span> <span class='ocrx_word' id='word_1_551' title='bbox 1001 3642 1215 3684; x_wconf 84' lang='lat' dir='ltr'>Rebnum</span> <span class='ocrx_word' id='word_1_552' title='bbox 1257 3644 1300 3683; x_wconf 89' lang='lat' dir='ltr'>A</span> <span class='ocrx_word' id='word_1_553' title='bbox 1332 3646 1382 3697; x_wconf 80' lang='lat'>33</span> <span class='ocrx_word' id='word_1_554' title='bbox 1413 3646 1595 3687; x_wconf 85' lang='lat' dir='ltr'>Renum</span> <span class='ocrx_word' id='word_1_555' title='bbox 1624 3650 1661 3689; x_wconf 92' lang='lat' dir='ltr'><strong>B</strong></span> <span class='ocrx_word' id='word_1_556' title='bbox 1696 3650 1737 3699; x_wconf 88' lang='lat'>1,</span> <span class='ocrx_word' id='word_1_557' title='bbox 1769 3649 1867 3698; x_wconf 78' lang='lat' dir='ltr'>alii3</span> <span class='ocrx_word' id='word_1_558' title='bbox 1898 3648 2133 3689; x_wconf 86' lang='lat' dir='ltr'>thenum</span> <span class='ocrx_word' id='word_1_559' title='bbox 2164 3648 2201 3688; x_wconf 99' lang='lat' dir='ltr'><strong>F</strong></span> <span class='ocrx_word' id='word_1_560' title='bbox 2235 3651 2289 3699; x_wconf 77' lang='lat'>13</span> <span class='ocrx_word' id='word_1_561' title='bbox 2330 3650 2538 3689; x_wconf 83' lang='lat' dir='ltr'>Hrenum</span> <span class='ocrx_word' id='word_1_562' title='bbox 2572 3648 2615 3689; x_wconf 89' lang='lat' dir='ltr'>G</span> <span class='ocrx_word' id='word_1_563' title='bbox 2648 3651 2686 3690; x_wconf 91' lang='lat'>1.</span> <span class='ocrx_word' id='word_1_564' title='bbox 2721 3650 2747 3689; x_wconf 89' lang='grc' dir='ltr'>Ι</span> <span class='ocrx_word' id='word_1_565' title='bbox 2782 3653 2851 3693; x_wconf 86' lang='lat' dir='ltr'>la.</span> 
     </span>
     <span class='ocr_line' id='line_1_45' title="bbox 607 3700 2846 3758; baseline 0.005 -17"><span class='ocrx_word' id='word_1_566' title='bbox 607 3700 648 3754; x_wconf 87' lang='lat' dir='ltr'>r)</span> <span class='ocrx_word' id='word_1_567' title='bbox 681 3703 898 3743; x_wconf 74' lang='lat' dir='ltr'>(fixerunt</span> <span class='ocrx_word' id='word_1_568' title='bbox 927 3704 970 3743; x_wconf 92' lang='lat' dir='ltr'>D</span> <span class='ocrx_word' id='word_1_569' title='bbox 1002 3704 1074 3745; x_wconf 70' lang='grc'>48.</span> <span class='ocrx_word' id='word_1_570' title='bbox 1106 3704 1144 3742; x_wconf 70' lang='grc' dir='ltr'><strong>Γ</strong></span> <span class='ocrx_word' id='word_1_571' title='bbox 1177 3705 1217 3747; x_wconf 84' lang='grc'>2.</span> <span class='ocrx_word' id='word_1_572' title='bbox 1251 3704 1321 3746; x_wconf 82' lang='lat' dir='ltr'>4a.</span> <span class='ocrx_word' id='word_1_573' title='bbox 1357 3704 1398 3747; x_wconf 81' lang='grc'>5.</span> <span class='ocrx_word' id='word_1_574' title='bbox 1433 3705 1476 3747; x_wconf 79' lang='lat' dir='ltr'>G</span> <span class='ocrx_word' id='word_1_575' title='bbox 1508 3706 1550 3747; x_wconf 88' lang='lat'>5.</span> <span class='ocrx_word' id='word_1_576' title='bbox 1582 3708 1627 3747; x_wconf 89' lang='lat' dir='ltr'>H</span> <span class='ocrx_word' id='word_1_577' title='bbox 1660 3709 1699 3747; x_wconf 92' lang='lat'>1.</span> <span class='ocrx_word' id='word_1_578' title='bbox 1732 3708 1757 3747; x_wconf 89' lang='grc' dir='ltr'><strong>Ι</strong></span> <span class='ocrx_word' id='word_1_579' title='bbox 1789 3710 1829 3748; x_wconf 91' lang='grc'>2.</span> <span class='ocrx_word' id='word_1_580' title='bbox 1854 3708 1895 3748; x_wconf 88' lang='grc'>3.</span> <span class='ocrx_word' id='word_1_581' title='bbox 1959 3708 2123 3747; x_wconf 73' lang='lat' dir='ltr'>Abhinc</span> <span class='ocrx_word' id='word_1_582' title='bbox 2152 3716 2313 3749; x_wconf 75' lang='lat' dir='ltr'>novam</span> <span class='ocrx_word' id='word_1_583' title='bbox 2342 3713 2472 3758; x_wconf 74' lang='lat' dir='ltr'>caput</span> <span class='ocrx_word' id='word_1_584' title='bbox 2501 3708 2655 3757; x_wconf 73' lang='lat' dir='ltr'>incipit</span> <span class='ocrx_word' id='word_1_585' title='bbox 2684 3708 2721 3748; x_wconf 86' lang='lat' dir='ltr'><strong>F</strong></span> <span class='ocrx_word' id='word_1_586' title='bbox 2758 3708 2846 3752; x_wconf 84' lang='lat' dir='ltr'>la·.</span> 
     </span>
     <span class='ocr_line' id='line_1_46' title="bbox 607 3759 2850 3818; baseline 0.004 -17"><span class='ocrx_word' id='word_1_587' title='bbox 607 3759 648 3812; x_wconf 81' lang='lat' dir='ltr'>s)</span> <span class='ocrx_word' id='word_1_588' title='bbox 679 3760 858 3803; x_wconf 70' lang='lat' dir='ltr'>deest&#39;B</span> <span class='ocrx_word' id='word_1_589' title='bbox 892 3764 932 3803; x_wconf 91' lang='lat'>1.</span> <span class='ocrx_word' id='word_1_590' title='bbox 968 3763 994 3801; x_wconf 89' lang='grc'><strong>2</strong></span> <span class='ocrx_word' id='word_1_591' title='bbox 1027 3762 1144 3813; x_wconf 76' lang='lat' dir='ltr'>(poet</span> <span class='ocrx_word' id='word_1_592' title='bbox 1171 3762 1364 3815; x_wconf 53' lang='lat' dir='ltr'>campa„</span> <span class='ocrx_word' id='word_1_593' title='bbox 1395 3766 1558 3815; x_wconf 87' lang='lat' dir='ltr'>populi</span> <span class='ocrx_word' id='word_1_594' title='bbox 1587 3762 1708 3807; x_wconf 69' lang='lat' dir='ltr'>A‘s.</span> <span class='ocrx_word' id='word_1_595' title='bbox 1741 3767 1779 3806; x_wconf 93' lang='grc' dir='ltr'>Β</span> <span class='ocrx_word' id='word_1_596' title='bbox 1814 3768 1893 3818; x_wconf 79' lang='lat' dir='ltr'>2a3</span> <span class='ocrx_word' id='word_1_597' title='bbox 1923 3768 2138 3817; x_wconf 87' lang='lat' dir='ltr'>populari</span> <span class='ocrx_word' id='word_1_598' title='bbox 2166 3766 2265 3807; x_wconf 85' lang='lat' dir='ltr'>A5.</span> <span class='ocrx_word' id='word_1_599' title='bbox 2285 3768 2338 3817; x_wconf 80' lang='lat'>63</span> <span class='ocrx_word' id='word_1_600' title='bbox 2369 3779 2414 3817; x_wconf 89' lang='lat' dir='ltr'>p.</span> <span class='ocrx_word' id='word_1_601' title='bbox 2446 3771 2571 3807; x_wconf 82' lang='lat' dir='ltr'>terra</span> <span class='ocrx_word' id='word_1_602' title='bbox 2601 3778 2637 3808; x_wconf 80' lang='lat' dir='ltr'>s.</span> <span class='ocrx_word' id='word_1_603' title='bbox 2671 3768 2770 3810; x_wconf 79' lang='lat' dir='ltr'>F5.</span> <span class='ocrx_word' id='word_1_604' title='bbox 2794 3768 2850 3809; x_wconf 88' lang='lat' dir='ltr'>G.</span> 
     </span>
     <span class='ocr_line' id='line_1_47' title="bbox 605 3817 2848 3879; baseline 0.004 -20"><span class='ocrx_word' id='word_1_605' title='bbox 605 3817 642 3871; x_wconf 85' lang='lat' dir='ltr'>t)</span> <span class='ocrx_word' id='word_1_606' title='bbox 675 3820 859 3861; x_wconf 85' lang='lat' dir='ltr'>adduct.</span> <span class='ocrx_word' id='word_1_607' title='bbox 889 3822 927 3861; x_wconf 92' lang='grc' dir='ltr'>Β</span> <span class='ocrx_word' id='word_1_608' title='bbox 963 3823 1004 3861; x_wconf 90' lang='grc'>1.</span> <span class='ocrx_word' id='word_1_609' title='bbox 1038 3820 1079 3860; x_wconf 91' lang='grc'>2.</span> <span class='ocrx_word' id='word_1_610' title='bbox 1112 3820 1154 3861; x_wconf 90' lang='grc'>3.</span> <span class='ocrx_word' id='word_1_611' title='bbox 1190 3821 1232 3861; x_wconf 89' lang='lat' dir='ltr'>G</span> <span class='ocrx_word' id='word_1_612' title='bbox 1253 3822 1325 3863; x_wconf 88' lang='lat' dir='ltr'>5b.</span> <span class='ocrx_word' id='word_1_613' title='bbox 1358 3824 1403 3863; x_wconf 89' lang='lat' dir='ltr'>H</span> <span class='ocrx_word' id='word_1_614' title='bbox 1435 3826 1476 3865; x_wconf 86' lang='lat'>1.</span> <span class='ocrx_word' id='word_1_615' title='bbox 1599 3823 1648 3877; x_wconf 91' lang='lat' dir='ltr'>u)</span> <span class='ocrx_word' id='word_1_616' title='bbox 1680 3824 1878 3878; x_wconf 84' lang='lat' dir='ltr'>tant(a)e</span> <span class='ocrx_word' id='word_1_617' title='bbox 1908 3826 1947 3865; x_wconf 79' lang='grc' dir='ltr'>Ε</span> <span class='ocrx_word' id='word_1_618' title='bbox 1968 3828 1991 3865; x_wconf 83' lang='lat'>1</span> <span class='ocrx_word' id='word_1_619' title='bbox 2027 3825 2159 3879; x_wconf 79' lang='lat' dir='ltr'>(corr.</span> <span class='ocrx_word' id='word_1_620' title='bbox 2192 3825 2382 3878; x_wconf 84' lang='lat' dir='ltr'>tantos).</span> <span class='ocrx_word' id='word_1_621' title='bbox 2411 3826 2448 3867; x_wconf 92' lang='lat' dir='ltr'><strong>F</strong></span> <span class='ocrx_word' id='word_1_622' title='bbox 2484 3828 2523 3866; x_wconf 89' lang='lat'>1.</span> <span class='ocrx_word' id='word_1_623' title='bbox 2555 3826 2668 3878; x_wconf 76' lang='lat' dir='ltr'>G43</span> <span class='ocrx_word' id='word_1_624' title='bbox 2696 3830 2848 3867; x_wconf 76' lang='lat' dir='ltr'>tantas</span> 
     </span>
     <span class='ocr_line' id='line_1_48' title="bbox 606 3879 2846 3936; baseline 0.004 -19"><span class='ocrx_word' id='word_1_625' title='bbox 606 3888 668 3920; x_wconf 87' lang='lat' dir='ltr'>m.</span> <span class='ocrx_word' id='word_1_626' title='bbox 700 3881 875 3920; x_wconf 82' lang='lat' dir='ltr'>turmas</span> <span class='ocrx_word' id='word_1_627' title='bbox 905 3879 942 3918; x_wconf 89' lang='lat' dir='ltr'><strong>F</strong></span> <span class='ocrx_word' id='word_1_628' title='bbox 979 3881 1018 3932; x_wconf 87' lang='lat'>1,</span> <span class='ocrx_word' id='word_1_629' title='bbox 1051 3890 1072 3919; x_wconf 80' lang='lat' dir='ltr'>e</span> <span class='ocrx_word' id='word_1_630' title='bbox 1101 3891 1215 3921; x_wconf 80' lang='lat' dir='ltr'>corr.</span> <span class='ocrx_word' id='word_1_631' title='bbox 1248 3882 1286 3920; x_wconf 88' lang='lat' dir='ltr'><strong>F</strong></span> <span class='ocrx_word' id='word_1_632' title='bbox 1319 3882 1368 3932; x_wconf 80' lang='lat'>23</span> <span class='ocrx_word' id='word_1_633' title='bbox 1400 3885 1529 3923; x_wconf 85' lang='lat' dir='ltr'>tante</span> <span class='ocrx_word' id='word_1_634' title='bbox 1560 3894 1619 3925; x_wconf 90' lang='lat' dir='ltr'>m.</span> <span class='ocrx_word' id='word_1_635' title='bbox 1652 3886 1801 3925; x_wconf 78' lang='lat' dir='ltr'>turme</span> <span class='ocrx_word' id='word_1_636' title='bbox 1832 3884 1869 3923; x_wconf 89' lang='lat' dir='ltr'><strong>F</strong></span> <span class='ocrx_word' id='word_1_637' title='bbox 1902 3886 1954 3934; x_wconf 80' lang='lat'>33</span> <span class='ocrx_word' id='word_1_638' title='bbox 1996 3888 2175 3925; x_wconf 87' lang='lat' dir='ltr'>tantum</span> <span class='ocrx_word' id='word_1_639' title='bbox 2206 3895 2265 3926; x_wconf 90' lang='lat' dir='ltr'>m.</span> <span class='ocrx_word' id='word_1_640' title='bbox 2299 3888 2477 3925; x_wconf 73' lang='lat' dir='ltr'>turmae</span> <span class='ocrx_word' id='word_1_641' title='bbox 2506 3886 2543 3924; x_wconf 87' lang='lat' dir='ltr'><strong>F</strong></span> <span class='ocrx_word' id='word_1_642' title='bbox 2577 3886 2625 3936; x_wconf 79' lang='lat'>43</span> <span class='ocrx_word' id='word_1_643' title='bbox 2669 3889 2846 3926; x_wconf 84' lang='lat' dir='ltr'>tantum</span> 
     </span>
     <span class='ocr_line' id='line_1_49' title="bbox 606 3936 2845 3995; baseline 0.004 -17"><span class='ocrx_word' id='word_1_644' title='bbox 606 3938 631 3977; x_wconf 95' lang='lat'>1</span> <span class='ocrx_word' id='word_1_645' title='bbox 663 3937 736 3979; x_wconf 84' lang='lat' dir='ltr'>lb.</span> <span class='ocrx_word' id='word_1_646' title='bbox 768 3939 792 3979; x_wconf 97' lang='lat' dir='ltr'>I</span> <span class='ocrx_word' id='word_1_647' title='bbox 826 3936 930 3989; x_wconf 78' lang='lat' dir='ltr'>lb&#39;3</span> <span class='ocrx_word' id='word_1_648' title='bbox 971 3942 1148 3979; x_wconf 83' lang='lat' dir='ltr'>tantam</span> <span class='ocrx_word' id='word_1_649' title='bbox 1188 3940 1365 3989; x_wconf 82' lang='lat' dir='ltr'>prolem</span> <span class='ocrx_word' id='word_1_650' title='bbox 1397 3942 1420 3981; x_wconf 95' lang='lat'>1</span> <span class='ocrx_word' id='word_1_651' title='bbox 1451 3943 1494 3984; x_wconf 82' lang='lat'>2.</span> <span class='ocrx_word' id='word_1_652' title='bbox 1630 3942 1676 3993; x_wconf 85' lang='lat' dir='ltr'>v)</span> <span class='ocrx_word' id='word_1_653' title='bbox 1710 3948 1882 3992; x_wconf 87' lang='lat' dir='ltr'>quanto</span> <span class='ocrx_word' id='word_1_654' title='bbox 1912 3942 1949 3982; x_wconf 87' lang='lat' dir='ltr'><strong>F</strong></span> <span class='ocrx_word' id='word_1_655' title='bbox 1994 3946 2035 3983; x_wconf 87' lang='lat'>1.</span> <span class='ocrx_word' id='word_1_656' title='bbox 2071 3944 2112 3984; x_wconf 89' lang='lat' dir='ltr'>G</span> <span class='ocrx_word' id='word_1_657' title='bbox 2144 3944 2185 3983; x_wconf 89' lang='grc'>3.</span> <span class='ocrx_word' id='word_1_658' title='bbox 2215 3945 2239 3985; x_wconf 96' lang='lat' dir='ltr'>I</span> <span class='ocrx_word' id='word_1_659' title='bbox 2272 3945 2322 3995; x_wconf 85' lang='grc'><strong>2;</strong></span> <span class='ocrx_word' id='word_1_660' title='bbox 2364 3946 2589 3994; x_wconf 85' lang='lat' dir='ltr'>quantum</span> <span class='ocrx_word' id='word_1_661' title='bbox 2622 3944 2666 3985; x_wconf 91' lang='lat' dir='ltr'>G</span> <span class='ocrx_word' id='word_1_662' title='bbox 2697 3945 2771 3987; x_wconf 74' lang='lat' dir='ltr'>aa.</span> <span class='ocrx_word' id='word_1_663' title='bbox 2806 3946 2845 3986; x_wconf 73' lang='lat'>⁷.</span> 
     </span>
     <span class='ocr_line' id='line_1_50' title="bbox 604 3993 2847 4055; baseline 0.004 -20"><span class='ocrx_word' id='word_1_664' title='bbox 604 3997 630 4036; x_wconf 94' lang='lat'>1</span> <span class='ocrx_word' id='word_1_665' title='bbox 663 3993 767 4047; x_wconf 64' lang='grc' dir='ltr'>ιδ’,</span> <span class='ocrx_word' id='word_1_666' title='bbox 885 3995 946 4049; x_wconf 84' lang='lat' dir='ltr'>w)</span> <span class='ocrx_word' id='word_1_667' title='bbox 979 3998 1090 4037; x_wconf 68' lang='lat' dir='ltr'>deest</span> <span class='ocrx_word' id='word_1_668' title='bbox 1120 3998 1158 4037; x_wconf 92' lang='lat' dir='ltr'><strong>B</strong></span> <span class='ocrx_word' id='word_1_669' title='bbox 1194 4000 1242 4049; x_wconf 92' lang='lat'>1;</span> <span class='ocrx_word' id='word_1_670' title='bbox 1277 4020 1330 4029; x_wconf 90' lang='lat'>—</span> <span class='ocrx_word' id='word_1_671' title='bbox 1362 3999 1513 4051; x_wconf 84' lang='lat' dir='ltr'>Saepe</span> <span class='ocrx_word' id='word_1_672' title='bbox 1555 4005 1715 4050; x_wconf 78' lang='lat' dir='ltr'>gentes</span> <span class='ocrx_word' id='word_1_673' title='bbox 1748 4012 1819 4050; x_wconf 86' lang='lat' dir='ltr'>eg.</span> <span class='ocrx_word' id='word_1_674' title='bbox 1860 4002 2011 4051; x_wconf 76' lang='lat' dir='ltr'>incipit</span> <span class='ocrx_word' id='word_1_675' title='bbox 2040 4003 2083 4042; x_wconf 85' lang='grc' dir='ltr'><strong><em>Κ</em></strong></span> <span class='ocrx_word' id='word_1_676' title='bbox 2115 4004 2156 4043; x_wconf 88' lang='grc'>2.</span> <span class='ocrx_word' id='word_1_677' title='bbox 2276 4001 2328 4055; x_wconf 89' lang='lat' dir='ltr'>x)</span> <span class='ocrx_word' id='word_1_678' title='bbox 2359 4013 2418 4043; x_wconf 85' lang='lat' dir='ltr'>ex</span> <span class='ocrx_word' id='word_1_679' title='bbox 2458 4006 2589 4053; x_wconf 87' lang='lat' dir='ltr'>parte</span> <span class='ocrx_word' id='word_1_680' title='bbox 2620 4004 2847 4045; x_wconf 72' lang='lat' dir='ltr'>Afri-leam</span> 
     </span>
     <span class='ocr_line' id='line_1_51' title="bbox 608 4054 2844 4113; baseline 0.004 -18"><span class='ocrx_word' id='word_1_681' title='bbox 608 4054 651 4095; x_wconf 92' lang='lat' dir='ltr'>G</span> <span class='ocrx_word' id='word_1_682' title='bbox 681 4054 723 4096; x_wconf 89' lang='lat'>4.</span> <span class='ocrx_word' id='word_1_683' title='bbox 865 4054 914 4108; x_wconf 77' lang='lat' dir='ltr'>y)</span> <span class='ocrx_word' id='word_1_684' title='bbox 949 4066 1198 4105; x_wconf 75' lang='lat' dir='ltr'>congruam</span> <span class='ocrx_word' id='word_1_685' title='bbox 1244 4058 1287 4097; x_wconf 91' lang='lat' dir='ltr'>D</span> <span class='ocrx_word' id='word_1_686' title='bbox 1319 4059 1360 4099; x_wconf 88' lang='lat'>8.</span> <span class='ocrx_word' id='word_1_687' title='bbox 1396 4059 1437 4103; x_wconf 88' lang='grc'>9.</span> <span class='ocrx_word' id='word_1_688' title='bbox 1466 4060 1491 4099; x_wconf 95' lang='lat'>1</span> <span class='ocrx_word' id='word_1_689' title='bbox 1526 4062 1601 4110; x_wconf 78' lang='lat' dir='ltr'>1a3</span> <span class='ocrx_word' id='word_1_690' title='bbox 1650 4062 1913 4109; x_wconf 82' lang='lat' dir='ltr'>contiguam</span> <span class='ocrx_word' id='word_1_691' title='bbox 1960 4072 2303 4111; x_wconf 80' lang='lat' dir='ltr'>congruamque</span> <span class='ocrx_word' id='word_1_692' title='bbox 2348 4062 2386 4101; x_wconf 87' lang='lat' dir='ltr'><strong>F</strong></span> <span class='ocrx_word' id='word_1_693' title='bbox 2419 4061 2468 4112; x_wconf 69' lang='grc' dir='ltr'>ὃς</span> <span class='ocrx_word' id='word_1_694' title='bbox 2513 4064 2721 4113; x_wconf 84' lang='lat' dir='ltr'>Erupam</span> <span class='ocrx_word' id='word_1_695' title='bbox 2751 4064 2790 4103; x_wconf 86' lang='lat' dir='ltr'><strong>F</strong></span> <span class='ocrx_word' id='word_1_696' title='bbox 2824 4066 2844 4102; x_wconf 93' lang='lat'>1</span> 
     </span>
     <span class='ocr_line' id='line_1_52' title="bbox 607 4112 2841 4171; baseline 0.005 -19"><span class='ocrx_word' id='word_1_697' title='bbox 607 4112 740 4166; x_wconf 77' lang='lat' dir='ltr'>(corr.</span> <span class='ocrx_word' id='word_1_698' title='bbox 788 4113 1058 4167; x_wconf 78' lang='lat' dir='ltr'>Europam).</span> <span class='ocrx_word' id='word_1_699' title='bbox 1211 4114 1252 4168; x_wconf 87' lang='lat' dir='ltr'>z)</span> <span class='ocrx_word' id='word_1_700' title='bbox 1281 4117 1414 4159; x_wconf 89' lang='lat' dir='ltr'>Yllir.</span> <span class='ocrx_word' id='word_1_701' title='bbox 1456 4119 1495 4158; x_wconf 89' lang='lat' dir='ltr'><strong>F</strong></span> <span class='ocrx_word' id='word_1_702' title='bbox 1545 4121 1587 4161; x_wconf 89' lang='lat'>1.</span> <span class='ocrx_word' id='word_1_703' title='bbox 1638 4119 1679 4160; x_wconf 96' lang='lat' dir='ltr'>G</span> <span class='ocrx_word' id='word_1_704' title='bbox 1726 4120 1769 4159; x_wconf 84' lang='grc'>2.</span> <span class='ocrx_word' id='word_1_705' title='bbox 1920 4118 1965 4171; x_wconf 87' lang='lat' dir='ltr'>a)</span> <span class='ocrx_word' id='word_1_706' title='bbox 1998 4124 2117 4161; x_wconf 85' lang='lat' dir='ltr'>totas</span> <span class='ocrx_word' id='word_1_707' title='bbox 2166 4148 2177 4161; x_wconf 89' lang='lat'>.</span> <span class='ocrx_word' id='word_1_708' title='bbox 2198 4153 2208 4164; x_wconf 85' lang='lat'>.</span> <span class='ocrx_word' id='word_1_709' title='bbox 2230 4151 2240 4161; x_wconf 88' lang='lat'>.</span> <span class='ocrx_word' id='word_1_710' title='bbox 2290 4121 2560 4171; x_wconf 75' lang='lat' dir='ltr'>Galliasque</span> <span class='ocrx_word' id='word_1_711' title='bbox 2607 4122 2648 4161; x_wconf 98' lang='lat' dir='ltr'>A</span> <span class='ocrx_word' id='word_1_712' title='bbox 2696 4122 2738 4163; x_wconf 87' lang='grc'>3.</span> <span class='ocrx_word' id='word_1_713' title='bbox 2771 4123 2841 4163; x_wconf 70' lang='lat'>3⁸.</span> 
     </span>
     <span class='ocr_line' id='line_1_53' title="bbox 603 4170 2723 4228; baseline 0.006 -16"><span class='ocrx_word' id='word_1_714' title='bbox 603 4170 652 4224; x_wconf 91' lang='lat' dir='ltr'>b)</span> <span class='ocrx_word' id='word_1_715' title='bbox 687 4174 887 4213; x_wconf 82' lang='lat' dir='ltr'>maxime</span> <span class='ocrx_word' id='word_1_716' title='bbox 923 4196 976 4205; x_wconf 93' lang='lat'>—</span> <span class='ocrx_word' id='word_1_717' title='bbox 1007 4175 1196 4215; x_wconf 86' lang='lat' dir='ltr'>illarum</span> <span class='ocrx_word' id='word_1_718' title='bbox 1229 4179 1300 4217; x_wconf 79' lang='lat' dir='ltr'>est</span> <span class='ocrx_word' id='word_1_719' title='bbox 1328 4177 1414 4215; x_wconf 72' lang='lat' dir='ltr'>das.</span> <span class='ocrx_word' id='word_1_720' title='bbox 1446 4176 1482 4217; x_wconf 82' lang='grc' dir='ltr'>Ο</span> <span class='ocrx_word' id='word_1_721' title='bbox 1518 4173 1591 4228; x_wconf 82' lang='grc'><strong>’1;</strong></span> <span class='ocrx_word' id='word_1_722' title='bbox 1624 4190 1644 4217; x_wconf 82' lang='lat' dir='ltr'>e</span> <span class='ocrx_word' id='word_1_723' title='bbox 1674 4189 1789 4221; x_wconf 78' lang='lat' dir='ltr'>corr.</span> <span class='ocrx_word' id='word_1_724' title='bbox 1822 4180 1925 4220; x_wconf 80' lang='lat' dir='ltr'>add.</span> <span class='ocrx_word' id='word_1_725' title='bbox 1956 4180 1999 4218; x_wconf 94' lang='lat' dir='ltr'>D</span> <span class='ocrx_word' id='word_1_726' title='bbox 2034 4181 2075 4221; x_wconf 89' lang='lat'>1.</span> <span class='ocrx_word' id='word_1_727' title='bbox 2720 4172 2723 4175; x_wconf 39' lang='lat'><strong>⁴</strong></span> 
     </span>
    </p>
   </div>
   <div class='ocr_carea' id='block_1_5' title="bbox 609 4265 2839 4415">
    <p class='ocr_par' dir='ltr' id='par_1_6' title="bbox 609 4265 2839 4415">
     <span class='ocr_line' id='line_1_54' title="bbox 610 4265 2837 4343; baseline 0.005 -26"><span class='ocrx_word' id='word_1_728' title='bbox 610 4265 667 4335; x_wconf 90' lang='lat'>1)</span> <span class='ocrx_word' id='word_1_729' title='bbox 709 4266 790 4333; x_wconf 71' lang='lat' dir='ltr'>(ff.</span> <span class='ocrx_word' id='word_1_730' title='bbox 830 4266 1036 4321; x_wconf 71' lang='lat' dir='ltr'>Isa‘dori</span> <span class='ocrx_word' id='word_1_731' title='bbox 1069 4271 1252 4337; x_wconf 77' lang='lat' dir='ltr'>Etym.</span> <span class='ocrx_word' id='word_1_732' title='bbox 1273 4270 1432 4337; x_wconf 82' lang='lat' dir='ltr'>XIV,</span> <span class='ocrx_word' id='word_1_733' title='bbox 1470 4273 1523 4337; x_wconf 83' lang='lat'>4,</span> <span class='ocrx_word' id='word_1_734' title='bbox 1561 4273 1625 4323; x_wconf 88' lang='grc'>4.·</span> <span class='ocrx_word' id='word_1_735' title='bbox 1664 4274 1807 4326; x_wconf 87' lang='lat' dir='ltr'>unde</span> <span class='ocrx_word' id='word_1_736' title='bbox 1846 4280 1901 4326; x_wconf 85' lang='lat' dir='ltr'>et</span> <span class='ocrx_word' id='word_1_737' title='bbox 1936 4280 2155 4342; x_wconf 90' lang='lat' dir='ltr'>propter</span> <span class='ocrx_word' id='word_1_738' title='bbox 2190 4274 2574 4327; x_wconf 83' lang='lat' dir='ltr'>fecunditatem</span> <span class='ocrx_word' id='word_1_739' title='bbox 2612 4277 2837 4343; x_wconf 78' lang='lat' dir='ltr'>gignen-</span> 
     </span>
     <span class='ocr_line' id='line_1_55' title="bbox 609 4341 2839 4415; baseline 0.005 -23"><span class='ocrx_word' id='word_1_740' title='bbox 609 4341 794 4394; x_wconf 86' lang='lat' dir='ltr'>dorum</span> <span class='ocrx_word' id='word_1_741' title='bbox 835 4343 1148 4411; x_wconf 84' lang='lat' dir='ltr'>populorum</span> <span class='ocrx_word' id='word_1_742' title='bbox 1176 4344 1464 4397; x_wconf 86' lang='lat' dir='ltr'>Germania</span> <span class='ocrx_word' id='word_1_743' title='bbox 1506 4348 1651 4399; x_wconf 87' lang='lat' dir='ltr'>dicta</span> <span class='ocrx_word' id='word_1_744' title='bbox 1676 4354 1775 4400; x_wconf 86' lang='lat' dir='ltr'>est.</span> <span class='ocrx_word' id='word_1_745' title='bbox 1890 4349 1945 4413; x_wconf 86' lang='grc'><strong>2)</strong></span> <span class='ocrx_word' id='word_1_746' title='bbox 1984 4348 2136 4401; x_wconf 83' lang='lat' dir='ltr'>Haec</span> <span class='ocrx_word' id='word_1_747' title='bbox 2172 4365 2376 4415; x_wconf 81' lang='lat' dir='ltr'>quoque</span> <span class='ocrx_word' id='word_1_748' title='bbox 2401 4365 2466 4400; x_wconf 75' lang='lat' dir='ltr'>ex</span> <span class='ocrx_word' id='word_1_749' title='bbox 2503 4349 2715 4402; x_wconf 69' lang='lat' dir='ltr'>Isidoro</span> <span class='ocrx_word' id='word_1_750' title='bbox 2744 4350 2781 4403; x_wconf 84' lang='lat' dir='ltr'>l.</span> <span class='ocrx_word' id='word_1_751' title='bbox 2808 4352 2839 4403; x_wconf 84' lang='lat' dir='ltr'>l.</span> 
     </span>
    </p>
   </div>
  </div>
 </body>
</html>
