2984 4917
551 428 656 479 194
867 424 1090 476 PAULI
1126 420 1476 474 HISTORIA
1512 416 2188 472 LANGOBARDORUM.
2263 418 2411 469 LIB.
2450 420 2516 469 V.

552 593 881 680 subposito
927 592 1064 676 igni
1119 586 1502 653 conburunt.
1590 585 1717 666 Qui
1773 606 1922 649 cum
1979 607 2095 670 per
2144 582 2428 670 aliquot*
2483 586 2624 649 dies
2680 584 2801 648 hoc

551 681 849 759 facerent,
895 697 936 738 a
969 670 1347 739 Grimualdo
1392 671 1484 734 eis
1528 668 1901 733 mandatum
1944 677 2059 749 est,
2100 677 2173 733 ut
2214 670 2345 731 iam
2388 670 2467 731 ab
2514 668 2804 735 devasta-

552 764 722 828 tione
771 761 1192 847 quiescerent.
1281 754 1411 835 Qui
1465 753 1708 838 legatos
1760 752 1843 816 ad
1886 750 2337 817 Grimualdum
2389 754 2672 835 mittunt,
2717 752 2807 816 di-

555 856 789 925 centes,
835 840 1127 908 Foroiuli
1171 852 1282 905 sec
1325 838 1589 902 minime
1637 836 1993 914 relicturos,
2051 858 2244 922 quam
2288 838 2483 901 armis
2528 837 2805 924 propriis

555 928 1046 1015 conquisissent.

723 1014 826 1077 21.
913 1010 1096 1074 Tunc
1153 1004 1488 1073 Grimuald
1549 1004 1971 1069 necessitate‘¹
2043 1004 2392 1091 conpulsus
2455 1005 2809 1070 exercitum

558 1095 971 1185 quoadunare
989 1104 1012 1137 e
1061 1091 1290 1189 coepit,
1344 1097 1659 1177 quatenus
1701 1085 1949 1152 Avares
1994 1088 2073 1153 de
2118 1092 2250 1153 suis
2306 1088 2545 1153 finibus
2598 1096 2807 1153 extur-

557 1183 760 1248 baret.
873 1178 954 1241 In
1020 1174 1233 1240 medlo
1297 1176 1517 1259 itaque
1589 1193 1817 1256 campo
1892 1195 2008 1236 sua
2072 1183 2283 1238 castra
2347 1174 2445 1238 etf
2518 1173 2806 1238 Avarum

558 1264 949 1349 hospitium&
1031 1280 1427 1346 conponenS,
1510 1278 1659 1319 cum
1744 1257 2115 1320 exercitush
2177 1264 2425 1343 partem
2502 1258 2807 1355 exiguam

560 1348 874 1429 habereti,
921 1344 1178 1410 eosdem
1208 1343 1382 1428 ipsos
1413 1362 1575 1428 quos
1618 1338 1900 1405 habebat
1927 1339 2179 1405 diverso
2224 1339 2448 1405 habitu
2488 1341 2811 1425 varilsque

563 1435 902 1497 instructos
933 1429 1128 1493 armis
1158 1435 1304 1490 ante
1347 1423 1567 1489 oculos
1610 1423 1968 1508 legatorum
1996 1447 2113 1509 per
2142 1425 2280 1488 dies
2322 1423 2587 1511 aliquot,
2680 1424 2815 1487 uasi

562 1539 768 1583 novus
810 1515 1046 1599 iugiter
1090 1511 1412 1576 exercitus
1455 1507 1847 1589 adventaret,
1906 1508 2271 1594 frequenter
2327 1510 2600 1590 transire
2634 1447 2811 1572 {ecit-

562 1604 850 1666 Avarum
900 1618 1054 1663 vero
1109 1594 1305 1679 legati
1359 1592 1515 1656 dum
1579 1592 1853 1657 eundem
1908 1593 2120 1691 ipsum
2138 1594 2168 1635 ¹*
2248 1594 2607 1657 exercitum
2676 1590 2812 1655 aliis

567 1687 657 1751 etl
723 1683 865 1747 aliis
928 1679 1135 1745 modis
1246 1679 1599 1743 raeterire¹¹¹
1666 1697 1819 1740 cons
1871 1676 2092 1759 iciunt,
2148 1678 2504 1741 inmensam
2561 1677 2815 1760 Lango-

569 1768 916 1835 bardorum
943 1762 1200 1828 multitu
1247 1764 1463 1826 inem¹¹
1492 1783 1652 1842 esse,
1699 1781 1801 1824 cre
1848 1760 2121 1826 iderunt.
2190 1760 2443 1841 Quibus
2478 1758 2815 1824 Grimuald

565 1855 658 1918 ita
707 1850 903 1916 dixit:
949 1847 1136 1912 ‘Cum
1189 1846 1362 1910 omni
1404 1844 1565 1909 hac⁰
1612 1866 1807 1929 quam
1849 1844 2101 1909 vidistis
2162 1846 2482 1910 exercitus
2536 1843 2812 1909 multitu-

569 1937 718 2001 dine
783 1934 995 1999 statim
1066 1953 1143 1995 su
1191 1953 1260 1994 er
1319 1950 1627 1993 cacanum
1690 1929 1979 1991 inruaml’
2040 1939 2105 1993 et
2168 1927 2414 1994 Avares
2430 1941 2491 2011 (Ι,
2559 1928 2690 1993 nisi
2744 1927 2819 1991 de

571 2017 1104 2086 Foroiulanorum
1177 2014 1368 2079 nibus
1397 2011 1740 2078 velociterr
1768 2013 2078 2077 exierint'.
2155 2013 2276 2077 His
2305 2013 2461 2077 visis
2492 2022 2557 2077 et
2584 2010 2817 2076 auditis

573 2105 766 2192 legati
808 2102 1098 2167 Avarum
1154 2121 1302 2162 cum
1357 2096 1519 2161 haec
1578 2118 1692 2159 suo
1744 2097 1882 2181 regi
1935 2097 2333 2161 nuntiassent
2350 2108 2393 2177 ⁸,
2462 2118 2621 2160 mox
2677 2116 2818 2159 cum

577 2191 750 2255 omni
802 2208 917 2251 suo
974 2185 1266 2249 exercitu
1317 2180 1402 2245 ad
1459 2202 1577 2266 pro
1625 2180 1791 2244 rium
1835 2203 2131 2245 reversus
2175 2190 2271 2245 est
2311 2203 2604 2265 regnum.

743 2272 846 2339 22.
933 2268 1234 2352 Denique
1295 2264 1521 2363 Lupo‘
1630 2285 1706 2328 oc
1763 2263 1954 2328 modo
1998 2275 2072 2329 ut
2132 2266 2583 2351 praemisimus
2635 2264 2821 2329 inter-

577 2364 824 2442 empto,
909 2351 1194 2416 Arnefrit
1209 2363 1258 2433 ¹¹,
1351 2371 1488 2413 eius
1553 2346 1742 2428 filius,
1807 2347 2012 2412 voluit
2074 2350 2141 2412 in
2204 2347 2343 2412 loco
2408 2348 2609 2434 patris
2670 2357 2826 2433 aput

577 2438 864 2505 Foroiuli
922 2436 1210 2535 optinere
1269 2434 1593 2497 ducatum.
1682 2431 1814 2497 Sed
1856 2441 2146 2497 metuens
2192 2431 2554 2497 Grimualdi
2609 2433 2824 2516 regisV

577 2526 766 2605 vires,
827 2521 1018 2607 fugin
1039 2533 1080 2563 W
1125 2518 1210 2582 ad
1269 2516 1647 2583 Sclavorum
1712 2526 1970 2602 gentem
2035 2518 2103 2580 in
2162 2516 2582 2598 Carnuntum,
2698 2514 2823 2579 uod

583 2616 883 2692 corrupte
938 2604 1225 2670 vocitant
1283 2601 1720 2666 Carantanum
1740 2613 1781 2664 ¹.
1880 2600 2012 2681 Qui
2070 2610 2296 2687 postea
2361 2622 2509 2665 cum
2576 2599 2667 2665 Sc
2730 2600 2826 2665 vis

583 2691 949 2770 adveniens,
996 2688 1180 2772 quasi
1223 2685 1569 2750 ducatum¹
1614 2706 1839 2749 eorum
1878 2684 2125 2749 viribus
2166 2707 2383 2750 resum
2430 2693 2631 2766 turus,
2676 2690 2831 2770 aput

582 2774 820 2839 Nemas
865 2782 1180 2836 castrum²
1198 2820 1214 2853 ,
1275 2769 1446 2855 quod
1488 2790 1619 2832 non
1677 2768 1866 2853 longe
1908 2791 1947 2833 a
1966 2781 1997 2823 Y
2041 2768 2324 2834 Foroiuli
2420 2770 2600 2850 istat,
2663 2769 2831 2832 inru-

587 2857 839 2924 entibus
892 2878 971 2920 su
1019 2877 1088 2920 er
1131 2876 1199 2918 se
1242 2851 1665 2934 ForoiulaniS,
1707 2854 2030 2917 extinctus
2072 2863 2185 2918 est.

754 2942 857 3007 23.
1012 2938 1197 3004 einde
1242 2937 1571 3002 ordinatus
1614 2945 1710 3001 est
1748 2946 1907 3022 aput
1951 2935 2237 3001 Foroiuli
2278 2937 2415 3001 dux
2442 2936 2778 3003 Wechtari
2790 2947 2833 3017 ²,

588 3026 702 3114 qui
742 3025 865 3089 fuit
908 3021 1214 3089 oriundus
1273 3021 1353 3085 de
1409 3020 1800 3086 Vincentina
1818 3031 1844 3063 ¹²
1900 3022 2189 3104 civitate,
2241 3022 2342 3086 vir
2395 3021 2719 3107 benignus
2776 3028 2835 3084 et

590 3158 637 3211 a)
670 3158 848 3207 aliquid
894 3158 931 3196 Γ
966 3159 1004 3197 1.
1157 3153 1206 3206 b)
1239 3156 1350 3195 deest
1397 3153 1439 3194 A
1470 3154 1521 3202 33
1584 3154 1643 3193 ad
1690 3154 2057 3194 devastationem
2104 3153 2145 3193 A
2177 3155 2228 3204 23
2289 3155 2673 3196 devastacionem
2718 3155 2754 3193 Γ
2789 3156 2829 3193 1.

591 3218 633 3271 c)
666 3229 692 3258 e
721 3218 785 3267 Γ;
817 3216 1052 3257 neminem
1083 3226 1134 3256 se
1165 3226 1202 3255 r.
1236 3226 1350 3264 quos
1383 3212 1518 3266 (quas
1552 3212 1587 3253 G
1618 3209 1686 3263 ⁸1)
1718 3224 1765 3253 a.
1799 3213 1834 3254 C
1867 3210 1928 3252 ·1.
1960 3214 2005 3252 D
2039 3216 2079 3254 1.
2115 3215 2158 3255 2.
2188 3214 2227 3255 4.
2263 3214 2287 3253 1
2322 3216 2362 3254 1.
2500 3212 2547 3266 d)
2582 3214 2831 3255 necessita·

589 3283 685 3319 tem
714 3277 755 3317 A
787 3278 828 3316 2.
861 3276 898 3315 Γ
933 3278 972 3314 1.
1125 3272 1169 3325 e)
1202 3274 1264 3313 ita
1297 3274 1339 3313 A
1373 3275 1414 3313 1.
1451 3274 1491 3313 2.
1528 3273 1564 3310 Γ
1596 3274 1635 3311 1.
1670 3271 1711 3312 G
1744 3272 1887 3321 1-43
1934 3272 2187 3313 coadunari
2220 3272 2254 3314 C
2286 3273 2360 3314 4b.
2394 3273 2438 3312 D
2471 3269 2563 3313 Ἔα.
2601 3273 2642 3314 G
2677 3273 2749 3314 5⁸.
2783 3293 2831 3302 —

591 3337 831 3387 praecepit
860 3334 960 3375 As.
981 3334 1105 3376 C.D.
1136 3334 1219 3373 11.
1337 3330 1374 3383 f)
1407 3332 1519 3371 deest
1547 3331 1722 3379 D3.8;
1756 3341 1796 3371 e.
1828 3332 1953 3372 inter
1982 3342 2067 3371 sua
2098 3342 2137 3373 c.
2172 3336 2219 3372 et
2240 3332 2363 3373 G5c.
2398 3354 2451 3363 —
2484 3332 2830 3373 HabammFl.

593 3394 642 3448 g)
672 3396 876 3436 hostium
923 3393 1213 3443 conspiciens
1257 3402 1278 3431 e
1309 3402 1424 3431 corr.
1470 3392 1514 3429 D
1549 3392 1588 3440 1,
1637 3395 1674 3428 ee
1704 3390 1769 3429 ita
1798 3390 1924 3430 ceteri
1966 3391 2027 3431 D.
2060 3391 2105 3431 H
2136 3392 2179 3430 1.
2344 3388 2393 3443 h)
2427 3393 2689 3432 exercitum
2726 3392 2763 3429 Γ
2796 3393 2831 3430 1.

594 3454 629 3506 i)
660 3454 832 3495 habere
862 3453 899 3492 Γ
933 3454 975 3495 1.
1026 3452 1067 3491 G
1099 3454 1138 3491 1.
1175 3453 1226 3500 2,-
1272 3453 1319 3490 et
1350 3460 1550 3489 cacanus
1581 3450 1758 3498 legatos
1792 3450 1850 3489 ad
1881 3460 1987 3490 eum
2016 3450 2219 3491 mitteret
2249 3450 2351 3489 add.
2386 3450 2449 3492 ed.
2476 3461 2552 3500 pr.
2584 3450 2718 3491 Lina.
2746 3454 2832 3489 cett.

593 3512 644 3562 k)
677 3523 760 3561 per
789 3513 820 3552 i.
854 3511 896 3550 A
927 3509 989 3552 ·3.
1126 3507 1162 3560 1)
1196 3512 1242 3549 et
1274 3520 1311 3549 a.
1345 3510 1429 3550 des.
1464 3509 1500 3549 G
1534 3510 1587 3557 13
1618 3508 1817 3557 aliisque
1848 3508 1889 3548 A
1922 3508 1963 3550 3.
2099 3506 2165 3561 m)
2196 3509 2415 3558 preterito
2446 3509 2483 3548 Γ
2519 3511 2559 3550 1.
2597 3532 2651 3541 -—
2682 3510 2837 3550 venire

595 3572 633 3611 Γ
665 3571 704 3611 4.
739 3570 794 3613 G.
886 3567 935 3620 n)
968 3568 1264 3609 multitudine
1295 3569 1332 3607 Γ
1366 3570 1405 3609 1.
1500 3564 1544 3617 ο)
1578 3567 1688 3606 deest
1721 3568 1755 3607 C
1790 3568 1916 3607 1-3.
1948 3569 1971 3608 Ι
2004 3569 2043 3607 1.
2079 3590 2131 3599 -
2164 3579 2302 3616 quem
2332 3568 2433 3607 A2.
2465 3569 2502 3607 Γ
2522 3570 2561 3611 1.
2654 3566 2706 3619 p)
2734 3568 2838 3607 dem

599 3628 634 3669 0
669 3632 709 3679 1,
754 3629 829 3668 ubi
851 3633 953 3678 post
983 3626 1160 3667 Avares
1193 3628 1284 3667 alia
1313 3638 1447 3666 manu
1476 3627 1621 3675 suppl.
1667 3627 1989 3677 inrumpimus.
2140 3626 2187 3679 q)
2220 3625 2423 3667 Avarum
2466 3628 2728 3667 exercitum
2757 3627 2838 3665 dis·

599 3688 789 3737 perdam
821 3688 872 3729 C.
903 3689 961 3727 D.
993 3687 1038 3727 H
1071 3689 1110 3726 1.
1143 3687 1167 3726 1
1201 3688 1240 3725 1.
1274 3687 1315 3726 2.
1436 3684 1475 3737 r)
1506 3685 1616 3723 deest
1650 3684 1690 3725 G
1724 3687 1764 3725 2.
1886 3683 1922 3737 s)
1955 3686 2223 3727 nunciasset
2252 3687 2347 3727 Γ1.
2470 3685 2508 3737 t)
2540 3687 2709 3737 Luppo
2741 3686 2837 3733 013

598 3747 792 3796 Impone
826 3745 868 3786 G
900 3746 1028 3785 1-4.
1121 3743 1169 3796 ιι)
1202 3744 1420 3785 Amen-id
1451 3744 1485 3785 C
1520 3746 1563 3784 2.
1598 3744 1640 3784 5.
1672 3744 1709 3783 Γ
1740 3744 1793 3793 4;
1823 3742 2072 3785 Arnefried
2103 3745 2137 3785 O
2172 3747 2222 3793 13
2254 3744 2461 3785 Arnefrit
2490 3756 2606 3787 corr.
2639 3743 2840 3785 Arnifret

603 3805 642 3846 G
675 3805 725 3853 ὃς
756 3805 938 3844 Anet'rit
967 3804 1009 3843 A
1043 3806 1094 3853 23
1124 3804 1370 3845 Varnefrid
1404 3803 1445 3844 G
1479 3805 1520 3845 1.
1555 3804 1604 3852 23
1636 3803 1890 3844 warnefrit
1922 3800 2040 3844 G*5.
2072 3803 2152 3853 ⁶03
2183 3804 2448 3845 Warnefrid
2481 3804 2622 3855 (³⁵⁸3
2653 3805 2839 3845 Warne-

600 3864 747 3904 fridus
777 3864 820 3902 D
854 3864 896 3906 2.
929 3864 972 3903 3.
1092 3862 1141 3915 v)
1173 3864 1284 3902 deest
1313 3862 1355 3901 A
1388 3865 1428 3904 3.
1552 3860 1614 3913 w)
1646 3861 1709 3900 ita
1739 3861 1782 3900 A
1815 3864 1855 3901 1.
1891 3862 1929 3903 2.
1962 3863 2003 3901 4.
2038 3862 2080 3905 5.
2111 3864 2150 3902 Β
2188 3864 2213 3903 2
2260 3864 2297 3902 Γ
2332 3865 2371 3903 1.
2404 3864 2447 3903 4.
2481 3863 2523 3904 G
2556 3863 2689 3905 1-4,
2721 3863 2759 3901 L
2792 3864 2836 3908 13

601 3924 720 3973 fucit
750 3923 801 3963 Ο.
831 3923 891 3973 D,
921 3922 1014 3962 alii.
1165 3920 1215 3973 x)
1247 3922 1307 3961 ad
1339 3923 1380 3963 d.
1412 3920 1454 3959 A
1487 3922 1530 3960 2.
1679 3919 1728 3972 y)
1761 3921 1871 3959 deest
1900 3921 1943 3960 A
1976 3922 2018 3961 2.
2170 3920 2213 3973 z)
2247 3923 2311 3961 ιἰα
2341 3920 2381 3961 A
2416 3923 2455 3963 1.
2490 3923 2527 3962 Γ
2558 3923 2603 3962 4.
2640 3922 2683 3965 G
2715 3921 2756 3961 3.
2788 3919 2836 3967 4;

601 3981 837 4023 Wecthari
866 3982 903 4021 Γ
939 3984 977 4020 1.
1010 3979 1051 4020 G
1082 3982 1122 4021 1.
1157 3982 1212 4030 23
1242 3981 1447 4022 wectari
1476 3979 1520 4018 A
1549 3980 1592 4020 4.
1627 3979 1669 4019 5.
1704 3980 1739 4020 O
1773 3981 1813 4021 1.
1848 3982 1889 4019 D
1925 3982 1964 4019 1.
2000 3979 2041 4020 G
2072 3977 2134 4022 ⁸6.
2169 3981 2241 4021 5a.
2271 3981 2294 4021 1
2328 3984 2541 4034 imo-nea
2572 3981 2700 4021 etiam
2728 3979 2769 4019 A
2800 3980 2838 4018 2.

600 4042 639 4081 Γ
657 4044 681 4081 1
715 4041 857 4094 (semel
885 4040 1152 4088 Wectarit);
1185 4040 1409 4080 wectarit
1438 4041 1481 4079 D
1500 4040 1553 4089 3;
1584 4039 1841 4080 wectarith
1872 4040 1915 4078 D
1949 4039 2006 4088 43
2037 4040 2224 4081 vectari
2252 4041 2292 4080 B
2312 4041 2366 4089 2.,
2386 4041 2425 4080 Γ,
2446 4042 2487 4092 1,
2518 4048 2839 4088 nonnumquam

604 4102 731 4140 etiam
763 4100 798 4141 C
832 4102 873 4139 1.
905 4100 948 4138 D
985 4100 1030 4148 13
1061 4098 1256 4139 Wictari
1287 4098 1329 4138 A
1362 4099 1401 4138 2.
1433 4099 1476 4139 3.
1511 4098 1546 4139 C
1581 4099 1620 4140 2.
1649 4098 1695 4137 H
1729 4100 1769 4148 1,
1800 4109 1908 4137 raro
1939 4098 2066 4138 ctiam
2095 4097 2138 4139 A
2172 4101 2210 4138 1.
2333 4098 2379 4151 a)
2409 4100 2659 4141 vicentina
2689 4095 2837 4138 Am*-

603 4161 643 4199 B
677 4161 718 4200 2.
751 4160 788 4199 Γ
818 4160 861 4200 4.
896 4157 937 4198 G
968 4158 1010 4198 3.
1044 4158 1089 4197 H
1121 4159 1169 4206 13
1201 4158 1491 4198 Vincentena
1524 4157 1559 4212 C
1590 4154 1659 4206 ⁸13
1689 4158 1937 4198 Vincentia
1967 4157 2009 4196 A
2030 4160 2070 4200 5.
2102 4158 2146 4197 D
2168 4158 2212 4200 2.
2247 4157 2349 4199 G4.
2369 4158 2411 4211 5,
2442 4169 2561 4199 corr.
2593 4157 2837 4200 vicentina

604 4220 643 4258 Ε
680 4220 728 4269 13
762 4218 978 4260 vicentia
1005 4218 1043 4257 Γ
1075 4216 1117 4257 5.
1149 4216 1190 4257 G
1214 4219 1253 4256 1.
1287 4218 1340 4265 23
1369 4217 1663 4259 Vincentana
1692 4217 1715 4255 I
1751 4217 1792 4256 1.

612 4310 669 4379 1)
710 4312 1039 4364 Carnuntum
1095 4317 1243 4364 vetus
1285 4311 1437 4377 falso
1493 4326 1613 4361 cum
1652 4309 1965 4363 Sclavorum
2014 4312 2307 4379 provincia
2364 4311 2685 4365 Car-amana
2728 4327 2840 4363 con·

596 4387 843 4453 junctum
879 4402 1005 4450 esse,
1044 4386 1136 4437 viae
1173 4393 1248 4437 est
1284 4384 1426 4451 quod
1461 4400 1784 4436 moneamus.
1935 4382 1994 4451 2)
2036 4386 2197 4438 anc
2234 4386 2381 4438 vicus
2420 4384 2613 4439 Nimis.
2694 4386 2807 4437 BE.
