2984 4917
475 412 698 464 PAULI
735 412 1083 465 HISTORIA
1121 410 1794 465 LANGOBARDORUM.
1868 411 2010 463 LIB.
2050 412 2119 464 V.
2329 412 2435 463 185

191 580 356 666 quid
415 578 496 644 de
553 580 905 645 Unulfuma
947 580 1189 645 factum
1238 579 1482 659 fuisset,
1526 580 1928 642 nuntiatumb
1974 590 2069 645 est
2111 580 2169 645 ei
2261 580 2436 679 quod

188 665 261 727 in
304 664 479 729 beati
522 664 885 750 archangeli
914 663 1288 729 Michahelis
1332 662 1663 727 basilicam
1681 674 1706 705 ⁰
1751 664 2123 748 confugium
2191 673 2434 729 eclsset.

191 748 331 828 Qui
373 770 529 812 mox
571 748 653 813 ad
698 770 844 813 eum
887 749 1076 830 misit,
1137 756 1363 833 sponte
1405 748 1802 832 promittenS,
1848 746 2021 834 quod
2061 747 2219 810 nihil
2260 758 2436 834 pate-

187 841 372 896 retur
413 830 583 915 mali,
627 834 914 897 tantumd
942 834 1010 895 in
1055 854 1171 896 sua
1188 843 1212 873 θ
1242 831 1367 895 fide
1410 832 1673 896 veniret.
1759 830 2035 896 Unulfus
2063 853 2214 895 vero
2243 831 2437 897 talem

189 916 406 1001 regis?
446 918 935 1002 promissionem
964 915 1251 998 audienS,
1283 936 1437 979 mox
1467 914 1589 979 adg
1619 913 1931 1001 palatium
1960 915 2196 998 venith,
2238 927 2431 1002 atque

189 999 279 1064 ad
321 1002 492 1086 regis
522 1002 681 1065 vesti
728 1002 792 1063 ia
831 1000 1221 1086 provolutus,
1264 1001 1692 1084 interrogatus
1722 997 1803 1063 ab
1836 1021 1911 1064 eo
1956 1010 2070 1082 est,
2115 999 2437 1086 quomodo

191 1093 310 1148 aut
375 1083 645 1170 qualiter
683 1024 1004 1149 {erctarit
1067 1084 1335 1149 evadere
1384 1084 1715 1169 potuisset.
1818 1086 1905 1147 At
1968 1083 2073 1148 ille
2129 1106 2276 1147 cum
2342 1085 2433 1149 eii

195 1177 432 1232 cuncta
474 1191 559 1232 ex
601 1168 822 1233 ordine
865 1168 1202 1250 retulisset,
1259 1190 1377 1231 rex
1429 1168 1614 1232 eiusk
1672 1166 1867 1231 fidem
1921 1176 1983 1231 et
2032 1167 2438 1254 prudentiam

193 1251 612 1335 conlaudans,
658 1275 878 1317 omnes
910 1254 1078 1317 eius¹
1123 1250 1457 1316 facultates
1489 1260 1552 1315 et
1583 1250 1891 1337 quicquid
1919 1251 2155 1317 habere
2186 1261 2440 1337 poterat

190 1335 406 1401 eidem
451 1335 794 1402 clementer
837 1337 1166 1401 concessit.

363 1421 424 1484 4.
514 1420 804 1507 Cumque
835 1431 983 1507 post
1007 1418 1251 1506 aliquot
1270 1430 1522 1504 tempus
1550 1441 1668 1483 rex
1690 1418 2043 1483 Unulfumm
2072 1420 2437 1518 inquireret,

191 1513 416 1567 utrum
444 1503 632 1570 vellet
673 1506 832 1591 ipsis
878 1503 1103 1570 diebus
1149 1526 1296 1567 cum
1323 1504 1639 1568 Perctarit
1679 1525 1836 1585 esse,
1881 1502 1987 1568 ille
2030 1504 2436 1568 iurelurando

191 1590 304 1671 ait,
357 1589 538 1674 prius
583 1611 649 1653 se
693 1588 926 1653 velletn
971 1610 1118 1652 cum
1159 1588 1470 1652 Perctarit
1512 1588 1692 1667 mori,
1737 1609 1929 1673 quam
1968 1609 2239 1673 usquam
2284 1585 2438 1653 alibi

190 1673 261 1736 in
306 1674 574 1737 summis
620 1672 864 1737 deliciis
892 1674 1128 1738 vivere.
1195 1671 1378 1735 Tunc
1409 1684 1564 1735 rex⁰
1595 1672 1787 1736 etiam
1816 1672 2187 1736 vestiarium
2216 1669 2438 1735 illump

189 1757 533 1841 requisivit
577 1756 815 1837 dicenS,
859 1766 1075 1821 utrum
1111 1754 1378 1819 melius‘i
1423 1756 1480 1819 ei
1512 1763 1678 1820 esset
1718 1767 1977 1819 secum&
2020 1756 2087 1819 in
2129 1754 2439 1842 palatium

192 1861 456 1905 manere
469 1853 510 1922 r,
565 1862 647 1903 an
707 1864 856 1904 cum
897 1841 1211 1905 Perctarit
1244 1841 1311 1902 in
1401 1840 1863 1925 eregrinatione
1922 1839 2210 1925 degeres,
2308 1840 2438 1920 Qui

191 1946 348 1987 cum
405 1924 464 1988 ei
516 1923 748 1988 similia
806 1925 968 1989 sicut
1011 1928 1106 1987 et‘
1159 1924 1268 1988 Un
1357 1946 1434 1986 us
1477 1923 1943 2008 respondisset,
1997 1937 2159 1988 rexu
2217 1946 2439 1988 eorum

190 2006 395 2073 verba
424 2008 700 2093 benigne
744 2009 1130 2093 suscipiensv
1162 2020 1555 2093 eorumquew
1583 2007 1775 2071 fidem
1820 2005 2227 2091 conlaudans,
2258 2030 2439 2094 prae-

194 2094 369 2189 cepit
404 2091 664 2174 Unulfo,
708 2100 780 2155 ut
807 2092 954 2178 quic
1002 2091 1114 2155 uid
1142 2090 1332 2157 vellet
1361 2091 1442 2155 de
1470 2091 1661 2154 domo
1702 2114 1818 2154 sua
1859 2089 2159 2172 *tolleret,
2203 2114 2437 2176 pueros

195 2177 443 2240 scllicet
509 2186 572 2240 et
624 2199 822 2263 equos
865 2186 928 2241 et
1022 2176 1293 2239 iversam
1352 2174 1836 2261 supellectilem,
1897 2184 1960 2238 et
2002 2174 2083 2238 ad
2124 2176 2440 2239 Perctarit

189 2259 477 2325 inlaesus
529 2270 958 2346 properaretx.
1045 2261 1197 2325 Pari
1247 2260 1435 2324 etiam
1479 2258 1671 2322 modo
1730 2269 1793 2323 et
1844 2258 2214 2323 vestiarium
2257 2257 2437 2322 illum

191 2343 495 2409 absolvit.
583 2344 713 2424 Qui
756 2346 968 2408 omnia
1011 2365 1128 2407 sua
1171 2342 1525 2407 secundum
1582 2341 2046 2426 benignitatem
2096 2343 2264 2427 regis
2311 2344 2438 2406 suf-

171 2429 484 2493 ·ficienter
536 2424 860 2509 tollenteS,'
903 2451 1050 2492 cum
1096 2427 1381 2491 eiusdem
1422 2428 1593 2512 regis
1637 2426 1997 2491 adiutorio?
2042 2426 2437 2491 Francorum

193 2514 298 2575 inz
344 2512 620 2598 patriam
662 2512 783 2577 ada
828 2535 1016 2576 suum
1060 2511 1362 2576 dilectum
1403 2512 1721 2575 Perctarit
1761 2521 1907 2576 sunt
1950 2511 2238 2596 profecti.

365 2597 424 2660 5.
510 2596 655 2660 Hac
699 2606 827 2661 tem
875 2605 1108 2661 estate¹
1143 2597 1541 2660 Francorum
1584 2596 1901 2661 exercitus
1918 2596 1946 2636 b
1988 2594 2069 2659 de
2097 2596 2442 2661 Provincia

191 2680 549 2765 egredienS,
592 2681 697 2743 in0
737 2682 840 2745 Ita
863 2682 992 2745 iam
1032 2681 1334 2745 introivit.
1403 2679 1663 2744 Contra
1706 2702 1865 2765 quos
1910 2678 2248 2744 Grimuald
2290 2701 2439 2743 cum

192 2764 686 2850 Langobardis‘¹
751 2787 1128 2850 progressus
1138 2814 1154 2847 ,
1220 2764 1340 2827 hac
1407 2786 1516 2829 eos
1568 2772 1703 2828 arte
1761 2764 2032 2849 decepit.
2139 2765 2439 2848 Fugere⁰

195 2850 437 2935 quippe
484 2870 551 2913 se
595 2871 815 2913 eorum
859 2850 1169 2933 impetum
1225 2847 1551 2931 simulans,
1606 2858 1817 2913 castra
1874 2869 1993 2911 sua
2050 2846 2239 2912 simul
2294 2869 2439 2911 cum

195 2933 486 2997 tentoriis
544 2942 605 2996 et
662 2932 930 2997 diversis
988 2934 1225 3017 pariter
1279 2932 1514 2997 referta
1553 2933 1740 2998 bonis
1783 2932 2260 3018 praecipueque
2302 2933 2440 2995 vini

195 3037 232 3080 ο
285 3017 425 3081 timi
469 3018 653 3102 copia
696 3016 1060 3080 hominibus
1105 3017 1362 3080 omnino
1382 3016 1403 3058 f
1443 3037 1653 3080 vacua
1694 3015 1809 3079 reli
1855 3016 2007 3097 uitss.
2097 3016 2240 3095 Quo
2286 3016 2438 3080 dum

189 3040 588 3165 ssan00n1m
617 3102 788 3165 acies
831 3100 1296 3180 advenissenth‚
1339 3100 1775 3164 existimantes
1877 3097 2260 3162 rimualdum
2291 3121 2443 3162 cum

195 3263 242 3317 a)
277 3265 341 3304 ita
372 3265 413 3305 A
445 3266 486 3305 2.
517 3266 556 3305 Β
593 3266 632 3305 1.
665 3266 701 3304 F
736 3267 785 3313 13
831 3264 1037 3304 Hunullo
1071 3263 1106 3303 C
1141 3264 1190 3312 13
1237 3262 1412 3303 Unulfo
1457 3262 1523 3301 vel
1566 3260 1773 3300 Hunulfo
1805 3260 1945 3302 ceteri.
1995 3281 2041 3289 —
2093 3260 2149 3300 de
2180 3261 2291 3300 deest
2321 3259 2363 3300 A
2397 3261 2440 3305 3.

192 3324 242 3378 b)
279 3328 408 3363 nunt.
448 3346 498 3354 -
532 3324 717 3365 fecisset
746 3324 794 3363 in
825 3334 960 3373 mara.
986 3326 1087 3372 post
1117 3322 1258 3371 suppl.
1290 3323 1326 3361 F
1356 3322 1394 3359 1.
1517 3318 1558 3371 c)
1592 3320 1701 3359 deest
1735 3318 1834 3360 G3.
1959 3317 2005 3371 d)
2038 3322 2070 3361 t.
2104 3322 2155 3359 ut
2185 3317 2305 3361 A·3.
2324 3320 2367 3361 4.
2394 3319 2436 3361 5.

196 3385 252 3424 B.
288 3384 384 3425 Fl.
416 3384 462 3424 4.
497 3382 551 3423 G.
572 3384 611 3423 1.
645 3380 705 3423 ’2.
741 3384 782 3422 2.
817 3383 858 3423 3.
893 3384 964 3424 ba.
985 3392 1022 3421 c.
1053 3382 1134 3423 11.
1229 3378 1273 3432 e)
1307 3390 1438 3420 suam
1469 3378 1605 3419 fidem
1638 3380 1719 3429 11,
1752 3390 1772 3418 e
1801 3389 1917 3419 corr.
1953 3376 1994 3419 Gr
2022 3379 2066 3417 4.
2156 3376 2193 3429 f)
2227 3380 2350 3429 regis
2383 3400 2437 3408 -—-

194 3446 336 3491 atque
373 3443 430 3480 ad
461 3442 545 3485 des.
579 3441 614 3482 C
645 3439 707 3481 ’1.
743 3443 783 3483 1.
818 3442 858 3480 2.
891 3441 942 3490 33
983 3450 1138 3490 prom.
1173 3460 1226 3471 --
1270 3442 1408 3488 atque
1440 3438 1501 3478 ad
1524 3442 1625 3487 poet
1656 3438 1797 3487 suppl.
1829 3438 1872 3477 D
1906 3438 1947 3480 1.
2098 3436 2144 3489 g)
2179 3439 2290 3477 deest
2320 3438 2361 3479 A
2397 3440 2443 3478 2.

196 3499 245 3551 h)
283 3502 392 3539 deese
443 3500 484 3540 G
517 3502 569 3549 23
610 3506 712 3549 poet
757 3502 896 3550 suppl.
934 3499 974 3539 G
1008 3501 1047 3541 1.
1082 3495 1128 3539 ’2
1177 3498 1400 3550 (vocabulo
1447 3501 1551 3536 ante
1596 3498 1653 3536 ad
1685 3508 1729 3547 p.
1764 3494 1931 3547 era-vok
1979 3498 2192 3547 pervenit
2234 3496 2276 3535 A
2309 3498 2351 3541 3.
2384 3520 2438 3528 —

195 3565 340 3609 atque
370 3560 481 3599 deest
515 3558 555 3600 G
586 3559 628 3600 3.
779 3557 814 3611 i)
847 3560 957 3598 deest
988 3557 1029 3597 A
1063 3560 1113 3608 13
1147 3558 1297 3598 eidem
1329 3557 1363 3598 Ο
1399 3558 1437 3597 1.
1589 3555 1639 3607 k)
1673 3557 1715 3596 ei
1749 3556 1789 3597 G
1825 3558 1863 3595 1.
1901 3557 1941 3597 2.
2090 3554 2126 3607 1)
2158 3567 2267 3596 suas
2299 3555 2341 3595 A
2374 3553 2437 3597 ’3.

196 3617 262 3671 m)
297 3618 496 3659 Unulfus
526 3619 563 3657 F
595 3620 636 3660 1.
671 3640 725 3648 —
756 3620 1014 3667 requireret
1041 3618 1080 3657 B
1115 3620 1156 3657 1.
1188 3616 1243 3657 G.
1367 3614 1416 3667 n)
1449 3616 1512 3654 ita
1543 3616 1581 3654 A
1613 3617 1651 3655 1.
1687 3616 1727 3654 2.
1758 3616 1801 3654 4.
1834 3618 1873 3656 Β
1906 3616 1947 3657 2.
1978 3615 2022 3654 D
2061 3617 2097 3655 1.
2130 3617 2169 3655 Ε
2205 3618 2244 3656 1.
2277 3616 2314 3655 F
2335 3618 2437 3657 1.4.

199 3678 242 3719 G
276 3680 318 3717 1.
352 3674 414 3720 ’2.
448 3678 489 3719 2.
523 3678 563 3717 3.
597 3676 642 3718 4.
673 3674 745 3727 ’ὃς
792 3688 836 3727 p.
867 3677 970 3717 volo
1002 3676 1026 3715 Ι
1059 3676 1107 3725 3;
1154 3676 1275 3717 velle
1305 3676 1344 3715 Β
1379 3677 1419 3727 1,
1450 3675 1591 3715 ceteri.
1742 3672 1787 3725 ο)
1820 3684 1905 3714 rex
1951 3680 1987 3713 et
2019 3675 2149 3714 illum
2185 3686 2282 3725 req.
2316 3676 2360 3719 d.
2391 3686 2437 3715 u.

189 3742 294 3787 post
324 3738 466 3785 suppl.
503 3736 543 3776 G
576 3738 616 3776 1.
739 3734 787 3787 p)
821 3737 864 3776 ei
897 3747 957 3777 m.
992 3734 1029 3775 A
1063 3732 1125 3779 ⁸3.
1248 3732 1296 3786 q)
1328 3735 1439 3773 deest
1469 3735 1509 3773 B
1544 3736 1584 3774 1.
1705 3730 1746 3784 r)
1778 3734 1842 3772 ita
1872 3731 2062 3775 A1-5.
2095 3735 2134 3773 B
2170 3736 2211 3774 1.
2247 3737 2289 3775 2.
2319 3735 2362 3773 D
2398 3735 2439 3773 1.

195 3798 233 3835 F
269 3798 319 3844 13
352 3796 720 3845 palatiumanere
751 3797 789 3836 Β
825 3797 874 3844 1;
905 3795 1078 3844 palatio
1109 3805 1169 3838 m.
1199 3794 1338 3835 ceteri.
1461 3790 1501 3843 s)
1537 3793 1723 3839 degeret
1750 3792 1787 3832 F
1821 3794 1861 3832 1.
1982 3789 2019 3843 t)
2052 3793 2161 3831 deest
2194 3794 2229 3833 G
2263 3795 2305 3833 1.
2338 3794 2362 3832 Ι
2396 3795 2437 3834 1.

195 3852 246 3905 u)
278 3865 362 3895 rex
395 3876 446 3883 —
493 3854 777 3895 conlaudans
807 3855 855 3893 in
885 3865 1022 3903 τηατ-9.
1053 3853 1194 3903 suppl.
1230 3852 1270 3893 G
1303 3854 1342 3894 1.
1473 3849 1520 3902 v)
1552 3852 1599 3890 in
1630 3852 1706 3890 hoc
1736 3852 1940 3891 vocabulo
1971 3851 2125 3891 desinit
2144 3852 2441 3902 sraqmentum

196 3914 292 3954 cod.
326 3913 368 3955 G
399 3910 462 3954 *2.
583 3912 646 3965 w)
674 3918 917 3961 utrumque
947 3913 984 3952 F
1018 3915 1059 3953 1.
1093 3912 1134 3953 G
1167 3913 1294 3951 1-4.
1327 3912 1349 3950 1
1379 3911 1421 3961 3,
1453 3922 1569 3950 corr.
1602 3912 1843 3959 utriusque
1877 3910 1918 3951 G
1949 3910 1991 3961 2,
2024 3916 2062 3950 et
2092 3912 2154 3950 ica
2185 3912 2280 3953 F4.
2315 3909 2356 3951 G
2387 3910 2447 3959 δ’,

197 3983 362 4014 eorum
392 3974 435 4011 D
469 3974 509 4012 2.
541 3972 580 4011 E
614 3974 654 4012 1.
805 3972 853 4022 x)
886 3972 1157 4022 propinaret
1186 3970 1227 4011 A
1259 3972 1315 4019 23
1360 3973 1632 4020 propat-aret
1659 3970 1696 4008 F
1730 3971 1771 4011 1.
1920 3968 1967 4021 y)
1997 3970 2277 4010 adiutorium
2309 3969 2343 4009 C
2375 3964 2438 4009 ’1.

197 4032 242 4072 D
281 4033 320 4083 2,
363 4043 477 4073 corr.
511 4032 738 4071 adiutorio
773 4030 813 4071 G
845 4031 894 4082 33
940 4031 1170 4071 adiutorio
1200 4040 1314 4071 corr.
1348 4029 1629 4069 adiutorium
1659 4029 1696 4067 F
1731 4029 1769 4068 1.
1921 4026 1964 4079 z)
1996 4030 2106 4068 deest
2154 4028 2188 4069 O
2219 4025 2280 4067 ’1.
2317 4029 2357 4067 1.
2392 4028 2437 4067 2.

201 4088 248 4143 a)
282 4092 392 4130 deest
421 4091 458 4129 F
490 4093 542 4139 13
567 4095 668 4139 post
699 4090 803 4131 add.
839 4089 880 4130 G
912 4091 950 4128 1.
983 4090 1036 4139 23
1067 4091 1170 4140 post
1203 4088 1244 4129 G
1276 4087 1405 4128 5a.c.
1437 4108 1490 4117 —
1526 4098 1658 4127 suum
1688 4088 1797 4126 deest
1827 4088 1879 4126 F.
1915 4087 1972 4128 G.
2004 4089 2027 4127 Ι
2060 4089 2108 4136 3;
2139 4087 2182 4126 d.
2214 4086 2302 4126 sibi
2337 4084 2444 4126 (3⁶.

200 4148 250 4200 b)
284 4151 537 4191 exercitum
582 4148 623 4187 A
657 4150 696 4191 2.
745 4151 783 4190 Β
819 4150 858 4189 1.
899 4149 937 4188 F
972 4149 1022 4197 ¹3
1069 4149 1184 4198 quod
1212 4148 1260 4187 in
1290 4148 1516 4197 archetypo
1536 4146 1680 4196 fuisse
1710 4147 1889 4187 videtur.
2043 4144 2085 4197 c)
2118 4156 2214 4194 egr.
2245 4143 2437 4185 Alman-

200 4210 330 4249 niam
363 4209 404 4248 A
436 4209 478 4249 3.
629 4206 676 4259 d)
707 4208 980 4249 Alamannis
1011 4207 1052 4247 A
1083 4208 1124 4247 3.
1259 4204 1301 4257 e)
1332 4206 1504 4255 Fugite
1534 4207 1571 4246 F
1606 4207 1647 4247 1.
1682 4205 1723 4247 G
1757 4208 1798 4247 1.
1830 4206 1870 4248 3.
1904 4206 1946 4245 4.
2095 4202 2131 4255 f)
2163 4205 2275 4244 deest
2305 4203 2343 4243 A
2374 4200 2441 4244 ’3.

205 4266 253 4320 g)
287 4278 383 4309 non
413 4278 450 4310 r.
486 4265 528 4308 G
561 4269 689 4309 1-4.
807 4267 856 4317 h)
890 4267 1197 4307 advertissent
1227 4266 1263 4305 F
1295 4266 1339 4306 4.
1375 4263 1416 4306 G
1448 4264 1578 4307 1—5.

205 4380 264 4449 1)
304 4380 388 4433 De
427 4389 650 4447 tempore
686 4398 793 4433 non
833 4386 1054 4432 constat.

2460 2094 2529 2147 Ἰ).
2562 2095 2671 2137 146.
