2984 4917
478 444 701 495 PAULI
737 443 1086 496 HISTORIA
1124 444 1793 498 LANGOBARDORUM.
1868 447 2010 499 LIB.
2049 448 2114 499 V.
2333 448 2433 499 183

200 621 394 676 suosa
435 609 793 676 lectaricios
837 620 899 675 et
943 610 1312 675 culcitramb
1357 613 1767 699 ursinamque
1800 613 2030 699 pellem
2072 636 2269 700 supra
2295 615 2436 680 dor·

200 718 347 759 sum
405 718 481 759 ac
549 696 864 760 cervicem
929 696 1241 760 Perctarit
1302 697 1618 781 inposuit,
1684 720 1957 784 eumque
2025 721 2107 762 ex
2170 698 2434 763 consilio

201 780 387 866 quasi
465 780 858 843 rusticanum
929 802 1184 844 servum
1248 791 1430 845 extra
1500 782 1756 846 ianuam
1833 780 2134 867 inpellere
2207 784 2435 868 coepit,

197 862 564 949 multasque
609 865 708 927 ei⁶
749 864 1013 927 iniurias
1057 864 1315 946 facienS,
1359 864 1525 929 fuste
1569 888 1717 930 eum
1758 866 2017 951 insuper
2033 868 2061 909 ‘¹
2105 874 2435 953 percutere

197 948 516 1034 desuper⁶
575 955 637 1012 et
690 970 964 1031 urguere
983 948 1004 990 f
1056 970 1185 1011 non
1242 948 1563 1031 cessabat,
1621 951 1711 1014 ita
1760 958 1831 1013 ut
1898 950 2196 1035 inpulsus·
2244 960 2436 1037 atque

194 1033 366 1095 ictus
428 1032 680 1116 saepius
726 1031 810 1095 ad
863 1041 1091 1097 terram
1141 1043 1481 1097 corrueret.
1570 1032 1865 1119 Cumque
1924 1034 2197 1098 eundem
2237 1033 2436 1099 Unul-

199 1114 337 1179 fum
379 1117 589 1199 regii&
633 1115 953 1197 satelliteS,
1009 1117 1120 1203 qui
1163 1116 1246 1179 ad
1290 1116 1690 1180 custodiamh
1736 1120 1931 1203 positi
1975 1128 2187 1203 erant,
2232 1119 2438 1204 requi-

195 1208 443 1282 rerent,
490 1199 644 1286 quid
685 1199 808 1263 hoc
851 1210 1047 1265 esset:
1103 1200 1360 1265 ‘Servus
1390 1199 1546 1284 iste’,
1590 1202 1816 1287 inquit,
1864 1209 2161 1301 ‘nequam
2202 1201 2439 1267 lectum

196 1283 357 1347 mihi
378 1284 447 1345 in
479 1282 771 1348 cubiculo
804 1283 1039 1348 ebriosi
1066 1285 1249 1348 istius
1279 1284 1590 1349 Perctarit
1620 1286 1857 1367 statuit,
1902 1309 2014 1371 qu1
2064 1288 2163 1349 ini
2196 1296 2441 1351 tantum

196 1368 398 1431 vinok
451 1365 679 1453 plenus
725 1369 888 1450 estl,
947 1378 1020 1434 ut
1078 1370 1262 1454 quasi
1317 1379 1605 1433 mortuus
1658 1370 1748 1433 ita
1801 1372 2010 1434 cubet.
2112 1370 2241 1435 Sed
2287 1372 2440 1434 satis

200 1462 316 1533 est,
365 1451 539 1537 quod
583 1454 718 1515 eius
761 1473 934 1514 nunc
977 1474 1181 1538 usque
1211 1453 1556 1516 amentiam
1600 1464 1858 1518 secutus
1903 1476 2065 1536 sum,
2109 1455 2238 1518 iam
2270 1453 2442 1519 dein-

199 1556 356 1620 ceps
400 1535 469 1597 in
512 1537 646 1599 vita
687 1536 906 1599 domni
947 1538 1118 1620 regis
1162 1537 1231 1599 in
1275 1536 1463 1601 domo
1509 1538 1771 1623 propria
1812 1535 2120 1602 manebo'.
2206 1537 2439 1601 Haecm

196 1616 291 1680 illi
336 1618 664 1683 audientes
708 1630 770 1684 et
833 1641 989 1683 vera
1055 1642 1216 1705 quae
1269 1620 1606 1685 audierant
1671 1644 1807 1685 esse
1876 1623 2235 1705 credenteS,
2292 1620 2441 1685 laeti

199 1702 412 1767 effecti
477 1712 644 1785 sunt,
713 1712 776 1767 et
841 1726 986 1768 eum
1052 1705 1417 1789 pariterque
1477 1706 1807 1786 Perctarit,
1921 1729 2068 1770 uem
2128 1705 2443 1791 putabant

198 1808 462 1849 servum
521 1796 582 1852 et
639 1788 792 1873 quin
854 1797 1161 1873 opertum,
1227 1811 1307 1852 ne
1359 1800 1831 1875 agnosceretur,
1941 1789 2173 1854 abebat
2230 1799 2440 1875 caput,

198 1868 415 1933 locum
456 1869 622 1935 illiso
667 1873 910 1954 danteS,
969 1871 1144 1937 abire
1187 1874 1628 1970 permiserunt.
1714 1872 1847 1937 Illis
1892 1884 2107 1938 autem
2158 1872 2443 1938 abeunti-

199 1953 344 2036 buS,
394 1956 731 2021 vestiarius
787 1954 891 2020 ille
959 1955 1394 2040 fidelissimus,
1471 1958 1803 2022 obseratol‘
1864 1956 2195 2041 diligenter
2253 1958 2441 2035 osti0,

197 2039 506 2102 remansit
548 2040 928 2103 intrinsecus
975 2039 1165 2104 solus.
1247 2040 1562 2105 Unulfusq
1593 2064 1746 2105 vero
1776 2042 2092 2105 Perctarit
2136 2040 2214 2104 de
2258 2062 2441 2105 muro

197 2121 438 2207 anguli,
485 2124 597 2208 qui
641 2132 736 2187 est
762 2146 802 2187 a
843 2132 1023 2209 parte
1053 2123 1301 2187 Ticinir
1345 2124 1646 2205 fluminis,
1690 2146 1805 2209 per
1845 2126 2099 2187 funems
2146 2124 2444 2208 deposuit

198 2206 391 2292 eique
437 2228 598 2291 quos
653 2208 861 2291 potuit
917 2208 1124 2271 socios
1169 2209 1519 2273 coniunxit.
1610 2209 1765 2289 Qui,
1823 2210 2090 2293 arreptis
2136 2230 2297 2294 quos
2342 2209 2442 2271 int

196 2300 390 2376 pastu
430 2291 804 2355 invenerant
841 2313 876 2355 e
923 2293 1043 2373 uis,
1087 2291 1310 2355 eadem
1339 2304 1527 2357 nocte
1558 2291 1641 2355 ad
1671 2292 2053 2356 Astensemu
2098 2302 2444 2377 properant

199 2374 555 2455 civitatem,
620 2376 688 2437 in
740 2398 866 2462 qua
971 2376 1225 2439 erctarit
1267 2377 1458 2439 amici
1522 2374 1866 2440 manebant
1916 2386 1978 2441 et
2042 2376 2181 2462 qui*
2233 2373 2443 2439 adhuc

203 2456 584 2523 Grimualdo
642 2457 907 2524 rebelles
966 2458 1291 2524 extabant.
1393 2460 1647 2524 Deinde
1708 2460 2074 2545 quantotius
2131 2460 2445 2524 Perctarit

206 2541 698 2607 Taurinensem'
731 2544 956 2608 urbein
1013 2552 1256 2627 petenS,
1315 2565 1391 2607 ac
1450 2554 1597 2629 post
1650 2542 1923 2620 claustra
1980 2543 2201 2608 Italiae
2244 2554 2442 2607 trans-

199 2648 461 2711 gressus
476 2638 533 2707 W,
590 2626 984 2691 Francorum
1044 2626 1172 2690 ad1
1229 2629 1504 2714 patriam
1556 2629 1867 2714 pervenit.
1968 2628 2205 2714 Sicque
2262 2628 2443 2692 Deus

203 2710 607 2807 omnipotens
652 2710 1068 2797 dispositione
1113 2712 1585 2777 misericordiae
1624 2722 1686 2777 et
1726 2712 2132 2776 innocentem
2174 2735 2213 2775 a
2242 2721 2443 2776 morte

201 2795 444 2879 eripult
485 2803 550 2857 et
589 2817 807 2882 regem
838 2817 922 2859 ex
957 2796 1169 2859 animo
1199 2796 1368 2861 bona
1411 2797 1621 2861 facere
1666 2797 2029 2882 cupientem
2049 2808 2081 2851 Y
2126 2797 2206 2862 ab
2253 2796 2443 2860 offen-

201 2878 382 2942 sione
398 2889 421 2919 z
469 2880 760 2943 servavit.

372 2962 430 3025 3.
516 2960 643 3026 Ata
693 2985 846 3027 vero
899 2985 1016 3027 rex
1069 2962 1402 3027 Grimoald
1472 2963 1626 3027 dum
1675 2965 1989 3029 Perctarit
2040 2964 2109 3027 in
2165 2963 2443 3047 hospitio

203 3067 325 3109 suo
373 3046 698 3172 qluiescere
742 3057 1012 3132 putaret,
1057 3046 1138 3111 ab
1183 3047 1410 3111 eodem
1452 3046 1727 3131 hospitio
1772 3069 1975 3132 usque
2016 3046 2101 3110 ad
2141 3047 2447 3132 palatium

203 3151 398 3194 suum
493 3131 663 3194 acies
714 3130 1042 3194 hominum
1092 3130 1242 3194 hinc
1307 3140 1372 3195 et
1433 3130 1583 3194 inde
1649 3129 1898 3194 adstare
1962 3130 2143 3211 fecit,
2200 3139 2271 3193 ut
2332 3151 2449 3216 per

203 3236 430 3277 eorum
498 3213 750 3277 medioc
811 3215 1126 3280 Perctarit
1196 3214 1645 3296 deduceretur,
1734 3223 2043 3298 quatenus
2123 3214 2404 3298 effugere
2422 3213 2451 3255 ‘¹

201 3299 467 3361 minime
522 3299 726 3383 possit
741 3310 787 3360 θ.
875 3298 1169 3384 Cumque
1213 3322 1252 3362 a
1292 3320 1444 3383 rege
1488 3299 1666 3361 missi
1707 3297 2061 3379 venissent,
2109 3299 2220 3383 qui
2261 3299 2449 3362 Perc-

203 3384 360 3447 tarit
401 3382 485 3446 ad
525 3381 832 3467 palatium
874 3382 1279 3464 evocarentf,
1335 3393 1398 3447 et
1453 3381 1538 3445 ad
1588 3383 1849 3462 ostium,
1908 3393 2081 3467 quog
2124 3404 2270 3447 eum
2314 3382 2450 3466 qui·

201 3598 250 3650 a)
286 3600 399 3640 deest
429 3600 481 3641 F.
517 3598 572 3640 G.
607 3598 688 3639 13.
810 3597 857 3651 b)
889 3610 1021 3639 manu
1053 3600 1270 3639 Francica
1301 3610 1517 3649 superscr.
1548 3600 1691 3638 bedi
1726 3595 1847 3639 G'2.
1970 3596 2011 3649 c)
2046 3599 2113 3637 eis
2148 3600 2185 3638 F
2206 3600 2245 3640 1.
2285 3598 2385 3641 61.
2407 3601 2451 3641 2.

206 3658 253 3711 d)
287 3660 400 3698 deest
432 3658 483 3699 G.
516 3659 572 3701 D.
697 3655 739 3708 e)
771 3668 941 3698 erasum
973 3658 1014 3699 G
1046 3660 1099 3708 2;
1131 3660 1241 3698 deest
1275 3658 1316 3699 G
1349 3660 1417 3701 50.
1539 3656 1575 3709 f)
1610 3668 1803 3705 arguere
1834 3656 1875 3697 A
1907 3658 1945 3699 2.
1978 3658 2021 3696 D
2058 3658 2129 3700 la.
2165 3678 2219 3687 —
2253 3660 2451 3699 cessavit

204 3717 247 3758 A
283 3720 331 3768 23
364 3718 558 3757 accessit
587 3715 629 3755 A
660 3717 702 3758 3.
835 3716 880 3768 g)
914 3719 1013 3766 regi
1045 3718 1086 3757 A
1121 3720 1159 3757 2.
1189 3720 1232 3757 D
1268 3719 1338 3759 la.
1372 3719 1408 3757 Ε
1443 3718 1483 3758 1.
1520 3716 1561 3757 6
1591 3714 1652 3756 *2.
1691 3718 1731 3756 2.
1767 3717 1817 3765 3;
1867 3717 1985 3765 regii
2016 3728 2130 3757 corr.
2165 3718 2289 3765 regis
2324 3717 2365 3758 G
2397 3718 2451 3767 43

203 3778 334 3826 regis
365 3776 407 3817 A
440 3778 481 3820 3.
515 3772 576 3817 ‘4.
607 3777 648 3819 6.
683 3776 717 3817 C
753 3777 791 3816 2.
824 3778 898 3817 4b.
932 3778 973 3816 D
1010 3778 1052 3819 3.
1082 3778 1118 3816 F
1152 3774 1213 3818 ’2.
1249 3777 1292 3816 5.
1325 3778 1369 3816 H
1401 3778 1444 3817 1.
1477 3776 1503 3815 Ι
1536 3778 1574 3815 2.
1710 3773 1757 3826 h)
1792 3786 1830 3817 c.
1862 3776 1961 3815 eius
1993 3774 2035 3814 A
2066 3772 2130 3817 ’3.
2270 3776 2305 3828 i)
2340 3777 2452 3816 deest

205 3838 248 3875 A
281 3838 326 3876 2.
359 3835 402 3876 G
433 3836 472 3877 3.
562 3833 611 3885 k)
646 3837 805 3875 vinum
835 3837 872 3875 F
905 3838 945 3877 1.
1037 3834 1073 3887 l)
1107 3837 1221 3875 deest
1253 3835 1286 3876 C
1319 3833 1384 3876 ⁶1.
1493 3834 1557 3887 m)
1590 3836 1719 3874 Haec
1752 3838 1905 3873 autem
1936 3834 2013 3873 illi
2042 3835 2079 3873 B
2114 3837 2156 3874 1.
2258 3834 2306 3887 11)
2342 3837 2453 3885 quia

209 3895 244 3936 G
278 3897 318 3937 l'.
357 3896 397 3934 2.
429 3896 501 3933 41).
534 3895 575 3933 D
610 3896 683 3935 la.
719 3896 757 3934 2.
793 3893 883 3935 ’δεμ
916 3895 940 3934 Ι
973 3898 1012 3935 1.
1165 3892 1210 3945 o)
1243 3895 1315 3934 illi
1345 3894 1388 3933 A
1419 3894 1459 3935 3.
1495 3894 1536 3933 4.
1569 3895 1623 3935 Β.
1655 3894 1697 3932 D
1733 3894 1802 3934 la.
1840 3895 1882 3933 2.
1914 3889 2005 3934 Ἔα.
2038 3894 2075 3932 F
2108 3893 2151 3935 5.
2186 3893 2227 3934 G
2260 3895 2298 3933 3.
2329 3895 2373 3933 Η
2408 3895 2451 3935 5.

205 3952 257 4006 p)
292 3954 536 3994 observato
570 3953 604 3994 C
639 3954 678 4005 1,
710 3964 822 3995 corr.
859 3954 1068 3994 obscrato
1102 3953 1141 3993 A
1173 3956 1220 3996 3.
1366 3951 1414 4005 q)
1447 3953 1668 3993 Unulfum
1702 3951 1743 3991 6
1772 3949 1834 3993 *2.
1870 3953 1911 3993 2.
2056 3950 2096 4003 r)
2132 3954 2307 3993 'ricinis
2337 3953 2374 3991 F
2411 3955 2450 3992 1.

211 4013 250 4065 s)
282 4014 394 4053 fune
424 4014 461 4051 F
497 4014 538 4053 1.
689 4010 725 4061 t)
759 4012 810 4052 in
837 4024 883 4063 p.
917 4014 1000 4051 dee.
1031 4014 1086 4052 H.
1227 4011 1276 4066 u)
1309 4012 1505 4053 Astense
1536 4012 1572 4050 F
1608 4012 1647 4051 1.
1687 4031 1729 4041 —
1766 4023 1812 4060 p.
1848 4023 1884 4051 c.
1919 4011 1970 4050 in
2002 4022 2093 4060 qua
2122 4013 2175 4051 P.
2208 4013 2293 4050 des.
2324 4012 2376 4053 F.
2412 4011 2453 4051 6

209 4072 326 4125 (poet
357 4072 502 4121 suppl.
536 4071 572 4110 F
607 4069 675 4122 1);
724 4073 821 4112 Ast.
870 4082 956 4111 am.
1007 4072 1191 4112 domum
1237 4072 1454 4111 manebat
1505 4069 1771 4122 (manebant
1803 4069 1844 4109 G
1873 4068 1919 4121 4)
1956 4069 1997 4110 G
2028 4071 2067 4108 1.
2099 4066 2160 4109 '2.
2195 4070 2234 4109 2.
2269 4071 2321 4118 43
2353 4068 2450 4110 Ast.

211 4132 450 4171 civitatem
482 4141 573 4171 am.
607 4131 791 4170 domum
835 4132 1047 4179 pervenit
1081 4130 1122 4171 6
1153 4132 1208 4181 33
1254 4131 1353 4172 Ast.
1395 4131 1556 4169 urbem
1602 4128 1682 4167 ubi
1714 4129 1852 4167 amici
1882 4130 1981 4169 eius
2012 4129 2262 4169 manebant
2290 4140 2453 4179 perve-

213 4194 387 4230 nerunt
420 4188 602 4229 G5a.c.
691 4189 738 4241 v)
772 4188 983 4239 quiaA2
1014 4188 1145 4241 (corr.
1181 4187 1295 4241 qui).
1327 4191 1366 4229 Β
1387 4191 1428 4228 1.
1453 4188 1517 4237 G3
1547 4189 1657 4227 deest
1690 4186 1798 4236 A6;
1832 4191 1946 4227 et—
1966 4188 2188 4226 extabant
2219 4188 2305 4230 des.
2324 4188 2374 4229 O.
2392 4187 2451 4227 D.

217 4247 278 4299 w)
313 4252 652 4297 transgressum
683 4248 723 4287 A
763 4250 802 4288 1.
920 4246 969 4300 x)
1003 4256 1040 4289 α’
1061 4249 1098 4287 F
1121 4251 1160 4291 1.
1280 4246 1328 4299 y)
1362 4248 1611 4289 facientem
1644 4247 1693 4298 C,
1726 4258 1839 4286 corr.
1872 4248 2023 4286 facere
2057 4247 2318 4295 cupientem
2350 4248 2393 4285 D
2412 4248 2455 4287 1.

217 4306 260 4359 z)
296 4308 600 4349 offensionem
629 4307 666 4346 F
704 4309 743 4347 1.
774 4306 875 4348 G3.
907 4308 950 4347 4.
1043 4304 1087 4358 a)
1118 4306 1188 4347 Ad
1219 4306 1320 4349 Al.
1355 4304 1466 4348 c‘t.
1558 4305 1605 4357 b)
1638 4306 1749 4345 deest
1778 4306 1830 4345 F.
1867 4304 1919 4346 G.
1950 4304 2039 4354 133
2075 4310 2326 4354 conpunctum
2355 4306 2451 4347 ΕΙ.

221 4366 264 4418 c)
296 4368 361 4407 ita
392 4366 434 4406 A
466 4368 505 4407 1.
539 4367 583 4407 2.
615 4368 658 4405 4.
691 4367 730 4405 Β
765 4369 808 4406 1.
842 4368 882 4406 2.
915 4367 967 4408 F.
1003 4366 1066 4416 G3
1112 4367 1314 4407 medium
1359 4366 1497 4407 ceteri.
1650 4363 1695 4416 d)
1728 4364 1921 4411 effugire
1963 4364 2006 4402 D
2039 4365 2080 4408 1.
2227 4363 2270 4416 e)
2301 4368 2455 4414 posset

218 4427 275 4468 B.
311 4427 360 4479 C,
393 4426 485 4467 alii.
605 4423 644 4477 f)
677 4429 948 4469 revocarent
977 4427 1014 4465 F
1047 4429 1088 4468 1.
1211 4423 1257 4476 g)
1291 4438 1334 4475 q.
1367 4436 1408 4466 e.
1441 4435 1486 4473 q.
1518 4435 1565 4474 p.
1599 4424 1681 4463 des.
1716 4422 1757 4462 A
1788 4423 1829 4463 3.
