2984 4917
444 378 664 429 PAULI
703 377 1054 430 HISTORIA
1093 377 1771 429 LANGOBAR-DORUM.
1845 377 1988 430 LIB.
2030 378 2125 429 VI.
2326 378 2432 427 233

186 540 445 624 stravit3
503 566 620 608 nec
663 568 769 609 am
817 544 943 609 lius
1003 545 1138 610 ibi¹¹
1192 544 1425 644 aliquis
1482 565 1522 606 a
1577 545 1803 629 parteb
1853 543 2426 630 Langobardorum

183 626 420 690 cecidit
483 649 679 713 quam
782 627 1073 693 icualdus
1091 641 1145 708 ⁰,
1207 650 1320 714 qul
1373 639 1511 693 erat
1560 628 1690 691 iam
1748 639 1955 693 aetate
2006 628 2430 714 grandaevus·

175 710 309 775 Iste
353 731 632 797 namque
685 714 752 777 in
811 714 1127 797 superiori
1229 734 1422 797 ugna,
1481 712 1685 798 quae‘¹
1744 712 1862 777 sub
1906 711 2207 777 Ferdulfo
2262 712 2433 776 facta

183 802 299 875 est,
348 793 510 859 duos
553 794 720 861 filios
763 798 1084 861 amiserat.
1179 736 1313 877 Ιέὶιιί
1368 817 1516 859 cum
1576 796 1787 881 prima
1828 806 1891 861 et
1948 796 2231 861 secunda
2286 798 2430 861 vice

183 879 371 942 iuxta
413 878 808 946 voluntatem
852 903 1034 945 suam
1065 891 1168 945 see
1201 881 1281 945 de
1313 878 1560 943 Sclavis
1604 878 1773 944 ultus
1816 890 1999 961 esset,
2043 883 2240 946 tercia
2268 882 2427 963 vice,

185 961 606 1047 prohibentes
648 965 810 1029 duce
856 974 919 1029 et
961 964 1103 1028 aliis
1145 963 1610 1049 Langobardis,
1654 985 1784 1027 non
1827 965 2038 1050 potuit
2090 964 2365 1029 inhiberi
2380 976 2429 1047 8,

184 1046 300 1111 sed
344 1046 435 1111 ita
477 1048 609 1111 eis¹¹
652 1048 1016 1133 respondit:
1083 1048 1238 1112 ‘Iam
1285 1048 1483 1127 satis',
1529 1048 1755 1133 inquit,
1806 1054 2113 1112 ‘meorum
2154 1047 2428 1112 filiorum

184 1132 491 1195 mortemi
554 1132 904 1214 vindicavi,
980 1142 1043 1197 et
1097 1134 1246 1213 iam,
1307 1132 1360 1195 si
1415 1132 1765 1213 advenerit,
1822 1130 2026 1196 laetus
2084 1132 2429 1217 suscipiam

183 1218 498 1279 mortem'.
563 1216 964 1302 Factumque
993 1224 1107 1297 est,
1152 1217 1259 1281 etk
1289 1216 1428 1301 ipse
1458 1214 1631 1279 solus
1660 1217 1728 1279 in
1756 1215 1983 1281 eadem
2024 1239 2245 1302 pugna
2286 1238 2429 1302 per-

183 1308 442 1384 emptus
487 1310 601 1365 est.
686 1302 952 1365 Pemmo
996 1322 1149 1364 vero
1201 1321 1346 1363 cum
1403 1298 1637 1363 multos
1693 1300 2097 1363 inimicorum
2199 1308 2430 1364 rostra-

182 1382 420 1465 visset,
474 1392 760 1449 metuens
816 1407 898 1447 ne
951 1384 1258 1470 aliquem¹
1317 1404 1578 1447 suorum
1636 1380 1913 1467 amplius
1968 1384 2035 1447 in
2078 1383 2245 1449 belo
2338 1407 2431 1448 er-

181 1466 432 1549 deretm,
485 1489 631 1531 cum
676 1469 914 1534 eisdem
951 1466 1198 1533 Sclavis
1240 1469 1307 1531 in
1347 1467 1576 1532 eodem
1616 1466 1757 1531 loco
1800 1466 1978 1551 pacis
2022 1490 2257 1533 concor
2302 1470 2430 1531 iam

182 1551 400 1631 iniit113
446 1562 637 1637 atque
683 1575 766 1617 ex
794 1550 902 1616 illo
945 1554 1076 1615 iam
1115 1560 1246 1616 tem
1299 1573 1407 1615 ore
1450 1552 1656 1636 magis
1686 1571 1763 1614 ac
1791 1552 2038 1637 magis⁰
2085 1564 2431 1638 coeperunt

186 1633 408 1699 Sclavi
451 1635 983 1700 Foroiulanorum
1025 1658 1204 1699 arma
1271 1634 1608 1700 ormidare.

351 1718 454 1781 46.
537 1719 638 1783 Eo
699 1729 988 1805 tempore
1103 1742 1216 1783 ens
1291 1719 1831 1784 sarracenorum»
1916 1722 1982 1782 in
2052 1718 2241 1783 locoq
2318 1720 2430 1805 qui

185 1800 488 1887 Septem‘
530 1803 764 1867 dicitur
781 1817 800 1851 ¹
863 1826 948 1867 ex
1001 1744 1226 1868 Affiica
1277 1802 1785 1885 transfretanteS,
1846 1805 2208 1868 universam
2270 1803 2428 1889 Spa—

181 1886 362 1949 niam
381 1897 402 1929 ³
447 1888 833 1952 invaserunt.
921 1887 1176 1952 Deinde
1206 1898 1354 1972 post
1390 1887 1615 1953 decem
1659 1891 1893 1951 annost
1926 1908 2069 1951 cum
2112 1888 2424 1953 uxoribus

183 1978 248 2034 et
323 1968 562 2034 arvulis
580 1983 607 2014 ¹¹
649 1973 993 2054 venienteS,
1039 1971 1489 2059 Aquitaniamv
1524 1969 1772 2036 Galliae
1798 1972 2214 2055 provinciam
2290 1973 2434 2035 uasi

182 2054 270 2117 ha
317 2054 534 2118 itaturi
596 2056 870 2141 ingressi
932 2066 1097 2121 sunt.
1188 2054 1455 2121 Carolus
1471 2068 1516 2097 w
1574 2053 1889 2141 siquidem
1955 2076 2100 2118 cum
2160 2054 2266 2118 Eu
2312 2075 2433 2120 one

180 2138 572 2224 Aquitaniae
626 2141 918 2226 principe
966 2149 1121 2203 tunc
1179 2138 1562 2203 discordiam
1618 2138 1896 2203 habebat
1910 2150 1962 2202 ¹.
2050 2138 2179 2218 Qui
2220 2148 2432 2203 tamen

181 2223 251 2285 in
295 2244 494 2285 unum
547 2245 616 2287 se
667 2225 1122 2307 coniungentes
1142 2234 1186 2306 ²,
1249 2233 1470 2287 contra
1530 2222 1788 2288 eosdem
1840 2220 2227 2286 Sarracenos
2290 2222 2432 2307 pari

183 2304 448 2370 consilio
500 2305 900 2372 dimicarunt.
990 2307 1185 2371 'Nam
1229 2308 1553 2371 inruentes
1594 2306 1831 2369 Franci
1888 2328 2081 2392 super
2138 2327 2265 2387 eos,
2309 2316 2431 2370 tre-

181 2400 413 2454 centaY
443 2392 848 2477 septuaginta
878 2392 1160 2479 quinque
1187 2390 1362 2455 milia
1394 2390 1893 2455 Sarracenorum
1920 2390 2431 2473 interimerunt23

180 2496 268 2537 ex
333 2474 730 2539 Francorum
792 2497 944 2541 vero
1001 2484 1184 2560 parte
1239 2474 1410 2539 mille
1467 2485 1568 2539 et*³¹
1628 2475 1961 2560 quingenti
2028 2483 2275 2538 tantum
2338 2474 2431 2538 ibi

181 2557 552 2622 ceciderunt
565 2569 610 2622 ⁸.
715 2559 946 2623 Eudob
1009 2581 1264 2646 quoque
1321 2580 1466 2622 cum
1517 2560 1650 2623 suis
1709 2580 1903 2644 super
1952 2579 2171 2622 eorum
2226 2566 2432 2622 castra

178 2644 472 2724 inruenS,
579 2643 674 2706 ari
715 2644 907 2707 modo
951 2642 1184 2708 multos
1227 2642 1634 2725 interficienS,
1689 2643 1902 2706 omnia
1946 2641 2321 2707 devastavit.

351 2727 456 2790 47.
613 2748 690 2791 oc
717 2729 908 2792 etiam
951 2736 1239 2812 tempore
1275 2727 1501 2792 eadem
1534 2727 2067 2792 Sarracenorum⁴
2096 2748 2253 2812 gens
2284 2746 2429 2790 cum

179 2812 474 2875 inmenso
528 2812 813 2875 exercitu
826 2823 851 2853 ⁰
899 2813 1179 2893 venienS,
1227 2809 1847 2896 Constantinopolim
1891 2810 2311 2876 circumdedit
2352 2832 2428 2873 ac

180 2895 484 2959 continuo
520 2895 677 2980 perd
706 2896 1048 2959 triennium
1079 2895 1346 2977 obsedit,
1379 2895 1601 2978 donec,
1635 2895 1879 2959 civibus
1904 2894 2103 2959 multa
2130 2895 2431 2959 instantia

179 2978 268 3041 ad
308 2978 523 3043 Deum
568 2977 988 3044 clamantibus
1004 3027 1020 3061 ,
1072 2978 1333 3064 plurimi
1377 3001 1598 3043 eorum
1642 2978 1811 3043 fame
1856 2987 1919 3042 et
1960 2979 2217 3063 frigore,
2260 2976 2429 3043 bello

180 3139 229 3193 a)
263 3142 353 3181 sibi
383 3142 421 3181 F
454 3145 495 3184 1.
646 3140 695 3194 b)
725 3146 904 3192 partem
938 3141 980 3182 G
1011 3144 1062 3192 33
1109 3143 1168 3182 ad
1199 3145 1377 3192 partem
1411 3140 1452 3181 G
1481 3142 1527 3181 4.
1678 3139 1721 3193 c)
1755 3140 2005 3189 sigualdus
2046 3139 2087 3179 A
2120 3139 2161 3179 2.
2195 3139 2248 3184 C.
2280 3140 2331 3179 F.
2364 3138 2429 3189 G?

181 3201 435 3250 Siguoldus
467 3202 506 3241 Ε
543 3202 590 3250 1;
639 3200 916 3250 sigivaldus
950 3200 991 3241 G
1022 3200 1098 3251 5c;
1145 3200 1374 3241 siwaldue
1405 3200 1448 3239 D
1481 3202 1523 3240 2.
1559 3200 1600 3240 3.
1752 3198 1799 3250 d)
1832 3201 1941 3239 deest
1986 3200 2040 3241 P.
2070 3197 2125 3245 G,
2150 3202 2253 3247 pon
2282 3198 2425 3247 suppl.

184 3260 228 3300 G
261 3260 394 3300 1-8.
534 3258 578 3310 e)
611 3261 693 3301 sed
726 3272 785 3303 ex
819 3259 864 3301 S.
893 3262 930 3300 F
965 3263 1005 3301 1.
1143 3258 1179 3311 f)
1211 3260 1532 3310 prohibentem
1566 3257 1623 3312 (⁴2)
1659 3258 1701 3299 G
1734 3261 1775 3298 1.
1926 3255 1973 3308 g)
2004 3258 2211 3298 inveniri
2240 3257 2277 3296 F
2311 3258 2350 3295 1.
2386 3258 2426 3295 2.

185 3318 228 3359 G
261 3320 304 3360 1.
340 3319 381 3360 2.
414 3319 464 3367 4;
512 3320 725 3360 invenire
758 3318 800 3359 G
830 3320 872 3360 3.
1022 3316 1071 3369 h)
1106 3320 1150 3359 ei
1180 3320 1217 3358 F
1253 3322 1292 3360 1.
1328 3318 1369 3359 G
1401 3320 1455 3367 1;
1506 3318 1617 3357 decet
1649 3317 1689 3359 G
1725 3319 1765 3359 2.
1917 3314 1953 3368 i)
1986 3320 2132 3356 morte
2164 3315 2207 3354 D
2242 3317 2282 3357 1.
2315 3316 2353 3354 F
2387 3318 2429 3357 1.

185 3377 228 3418 G
260 3377 304 3420 8.
336 3378 386 3427 43
418 3378 528 3417 deest
563 3377 602 3418 G
634 3380 674 3420 2.
724 3401 776 3410 -
824 3378 1076 3418 vindicavit
1106 3378 1144 3417 F
1176 3380 1218 3420 1.
1254 3378 1294 3418 G
1326 3380 1366 3419 1.
1424 3399 1475 3407 —
1527 3378 1753 3427 suscipiat
1785 3375 1826 3416 G
1858 3376 1899 3415 8.
1932 3376 1976 3415 4.
2127 3373 2176 3425 k)
2210 3377 2261 3413 ut
2291 3372 2332 3413 A
2363 3370 2425 3414 ’8.

179 3434 216 3488 l)
250 3436 429 3486 aliquid
459 3437 496 3475 F
529 3440 569 3477 1.
604 3436 646 3477 G
681 3439 721 3478 1.
755 3438 804 3487 83
837 3437 1010 3485 aliquis
1042 3435 1136 3477 G3.
1171 3438 1226 3487 43
1259 3437 1438 3485 aliquos
1473 3435 1601 3477 G5e.
1723 3434 1787 3487 m)
1815 3435 2063 3484 perderent
2092 3434 2128 3473 F
2150 3435 2189 3474 1.
2226 3432 2267 3473 G
2289 3434 2425 3481 1-83

181 3496 396 3546 perirent
425 3494 466 3535 G
496 3496 524 3535 4
555 3508 576 3536 e
605 3507 720 3535 corr.
855 3494 905 3547 n)
939 3506 1085 3535 eorum
1116 3506 1226 3545 quae
1255 3500 1499 3545 sequuntur
1530 3496 1577 3535 in
1621 3493 1661 3535 G
1694 3494 1719 3533 3
1745 3504 1893 3543 pauca
1924 3498 2092 3532 tamum
2122 3492 2203 3541 lcqt'
2226 3496 2427 3541 possum,

181 3565 321 3604 mque
352 3554 410 3593 Sa
440 3564 490 3593 ea
515 3555 706 3605 praebet.
859 3556 905 3605 ο)
940 3566 995 3595 ac
1027 3565 1085 3595 m.
1119 3556 1206 3597 des.
1255 3555 1306 3596 Ο.
1355 3555 1414 3595 D.
1464 3554 1487 3594 1
1522 3555 1563 3596 1.
1714 3551 1763 3603 p)
1798 3552 1953 3593 Sarac.
1994 3552 2031 3590 F
2064 3552 2087 3590 1
2114 3552 2207 3601 fam
2236 3551 2427 3601 caepim.

184 3612 234 3664 q)
268 3614 421 3653 locum
450 3613 489 3652 Ε
524 3616 577 3663 13
627 3614 676 3654 in
707 3614 810 3654 loco
841 3615 927 3653 des.
959 3613 1000 3653 A
1034 3614 1073 3654 3.
1224 3612 1264 3665 r)
1297 3614 1521 3663 septimus
1553 3614 1595 3652 D
1632 3613 1760 3653 2-4.
1912 3608 1952 3662 ε)
1983 3610 2259 3660 Hispaniam
2290 3610 2333 3649 A
2365 3606 2427 3649 ’2.

181 3674 226 3713 3.
258 3673 302 3713 4.
333 3671 367 3712 C
402 3674 442 3712 1.
475 3674 536 3712 D.
567 3674 605 3712 B
638 3674 682 3713 4.
800 3670 836 3722 t)
870 3673 1006 3713 annis
1037 3672 1077 3711 A
1112 3674 1151 3715 2.
1271 3670 1320 3724 ιι)
1349 3672 1531 3721 parvuli
1560 3672 1599 3711 F
1630 3673 1672 3712 1.
1802 3667 1849 3721 v)
1883 3668 2137 3719 Aquitania
2167 3670 2203 3709 F
2237 3670 2277 3711 1.
2313 3668 2354 3709 G
2386 3672 2427 3710 1.

181 3729 246 3782 w)
277 3731 477 3771 Kar-olus
507 3732 584 3771 hoc
613 3731 706 3771 loeo
738 3732 774 3771 F
807 3734 849 3773 1.
999 3729 1048 3783 x)
1080 3731 1313 3771 habebant
1344 3730 1387 3771 G
1420 3732 1460 3772 1.
1498 3732 1538 3771 2.
1573 3728 1635 3772 ’8.
1787 3728 1835 3780 y)
1868 3729 2065 3769 tricenta
2094 3729 2131 3768 F
2166 3730 2214 3778 13
2245 3728 2431 3769 tricenti

188 3790 232 3830 G
265 3791 307 3831 1.
341 3791 394 3839 23
439 3793 670 3830 trecentos
699 3790 742 3829 D
776 3791 817 3834 2.
937 3788 980 3841 z)
1013 3791 1075 3829 ita
1106 3789 1147 3830 A
1181 3790 1221 3830 2.
1272 3790 1307 3831 O
1338 3790 1381 3831 1.
1413 3791 1450 3829 F
1485 3793 1528 3829 1.
1564 3788 1605 3829 G
1638 3790 1676 3829 1.
1713 3789 1763 3838 2;
1811 3788 2089 3828 interierunt
2117 3787 2158 3828 A
2191 3788 2241 3836 ὃς
2288 3788 2429 3827 inter-

187 3850 344 3898 empta
375 3852 482 3888 sunt
511 3850 550 3889 Ε
585 3850 626 3889 1.
758 3847 802 3899 ει)
835 3850 946 3888 dem
977 3847 1018 3888 A
1050 3849 1091 3889 2.
1227 3848 1274 3900 b)
1305 3849 1436 3889 Eodo
1467 3844 1586 3889 A'B.
1710 3845 1752 3898 e)
1788 3848 2041 3887 exercitum
2072 3848 2167 3891 Fl.
2291 3845 2337 3897 d)
2366 3845 2429 3885 ita

185 3908 228 3947 A
263 3905 322 3947 1?
357 3906 414 3947 2?
444 3907 479 3948 C
512 3909 559 3957 13
592 3909 863 3948 continuum
894 3918 978 3957 per
1008 3909 1050 3947 D
1083 3907 1135 3958 33
1165 3918 1251 3959 per
1282 3910 1552 3948 continuum
1584 3905 1625 3946 A
1656 3902 1717 3947 ’2.
1753 3903 1815 3948 ’8.
1852 3907 1893 3949 3.
1924 3903 1985 3945 ’4.
2015 3907 2053 3945 Β
2091 3907 2130 3946 2.
2163 3907 2201 3945 E
2237 3907 2279 3945 1.
2312 3904 2349 3943 F
2385 3905 2430 3945 1.

191 3965 234 4007 G
266 3965 338 4007 ba.
371 3966 416 4007 11
448 3968 500 4017 13
531 3978 617 4017 per
648 3968 866 4007 continuo
900 3966 942 4007 G
975 3968 1024 4017 23
1056 3977 1140 4016 per
1169 3968 1355 4007 contine
1389 3966 1430 4007 G
1465 3968 1505 4008 1.
1540 3963 1603 4007 ⁴3.

197 4113 252 4181 1)
295 4114 476 4167 Gema.
573 4115 654 4181 Cf.
696 4116 759 4167 G.
810 4125 964 4182 pont.
1024 4117 1178 4185 ἄνερ.
1237 4116 1319 4167 ΙΙ.
1509 4116 1568 4184 2)
1610 4115 1690 4183 CJ'.
1733 4114 1922 4169 Clu-on,
1983 4115 2166 4166 Moiss,
2208 4129 2262 4177 p.
2303 4111 2429 4161 291.

191 4187 252 4255 3)
291 4188 382 4240 Ex
421 4189 487 4241 G.
516 4198 671 4255 pont.
726 4189 881 4257 Grey.
923 4190 997 4241 II
1003 4209 1020 4253 ,·
1077 4190 1165 4242 cui
1213 4199 1388 4241 tamen
1427 4188 1633 4241 Paulus
1677 4191 1847 4256 plura
1895 4188 2097 4256 adjecit.
2190 4184 2424 4238 Ceterum

192 4262 268 4314 ad
293 4278 540 4329 puynam
579 4279 630 4313 a.
663 4264 786 4316 731.
848 4262 1232 4316 Pictaviemem
1257 4264 1387 4315 haec
1423 4264 1709 4332 referenda
1734 4279 1842 4317 esse
1869 4276 2192 4329 persuasum
2230 4258 2428 4319 habco,-

187 4353 241 4387 v.
295 4334 406 4387 VG.
446 4334 562 4399 III,
591 4352 656 4401 p.
699 4337 767 4387 23
806 4354 860 4389 π.
1023 4339 1082 4405 4)
1120 4337 1208 4388 Ex
1244 4338 1420 4389 Beda.

2450 2326 2466 2345 ’
2482 2341 2528 2381 p.
2546 2330 2645 2371 181.
