2984 4917
646 389 867 453 PAULI
906 401 1253 453 HISTORIA
1292 400 1939 453 LANGOBARDORUM
2343 401 2410 448 43

193 568 307 649 IV,
339 568 439 632 31.
500 568 600 649 VI,
632 570 690 632 7.
722 567 858 650 37),
906 567 1044 633 alia
1071 577 1615 651 transponuntur,
1660 568 2157 648 contrahuntur,
2201 568 2409 631 verbis

192 656 462 716 mutatis
525 652 924 731 redduntur,
998 661 1070 714 ut
1129 654 1355 737 potius
1413 675 1579 736 opus
1636 673 1715 714 eae
1772 652 1981 715 Paulo
2055 652 2411 735 confectum

192 758 386 820 quam
436 736 633 800 Pauli
688 736 964 799 codicem
1019 736 1225 799 dicas.
1310 736 1537 819 Neque
1589 734 2121 821 interpolationes
2179 734 2411 798 desunt

190 820 364 967 (PILZ
381 819 440 882 9.
484 820 583 883 23.
627 818 732 883 32.
809 820 856 883 I
863 818 918 901 V}
961 820 1098 901 37).
1185 820 1286 883 De
1330 820 1431 883 his
1477 820 1770 884 omnibus
1810 819 2027 883 retulit
2080 818 2140 882 V.
2190 817 2281 884 Cl.
2325 819 2409 883 R.

246 926 338 967 au-
365 928 411 967 i.

362 986 498 1072 (98)
555 986 626 1049 K
672 986 731 1051 2.
823 986 1557 1051 Cheltenhamensis
1626 985 2069 1069 (bibliothecae
2134 987 2409 1051 Tkomae

188 1070 556 1155 Phillipps)
601 1070 726 1133 Nr.
749 1069 932 1152 3706,
980 1070 1130 1134 olim
1156 1068 1332 1136 Julii
1359 1069 1672 1135 Saibanti
1691 1082 1733 1134 ¹.
1815 1070 1951 1135 Sub
1996 1070 2182 1134 titulo
2226 1068 2410 1133 Pauli

188 1154 516 1219 Wanafrit
542 1152 952 1217 Forliviensis
982 1152 1062 1217 de
1090 1151 1256 1218 bello
1285 1152 1858 1239 Longobardorum
1882 1153 1952 1240 f.
1983 1154 2126 1219 281.
2170 1153 2411 1238 leqitur

188 1240 474 1304 historia
519 1260 598 1301 em
643 1234 852 1301 Pau-lo
897 1246 1198 1383 eaecerlpta
1234 1242 1458 1323 potius
1504 1261 1699 1324 quam
1744 1239 2093 1323 descripta.
2178 1239 2409 1331 Pauca

1080 1345 1099 1384 z

187 1324 477 1387 enotavit
525 1322 596 1407 V·-
646 1320 735 1387 Οἱ.
779 1322 862 1390 R.
907 1320 1052 1385 Pau
1093 1324 1124 1385 '.

364 1418 602 1509 (99)‘L
647 1424 700 1485 1.
787 1423 1436 1510 Bamberyensis
1476 1425 1557 1488 E.
1599 1424 1727 1488 III.
1774 1425 1871 1505 14,
1914 1422 2167 1487 membr.
2212 1446 2262 1486 s.
2292 1424 2408 1505 XI,

185 1510 260 1571 in
307 1508 515 1571 Italia
559 1510 874 1590 scriptus,
939 1509 1018 1571 de
1075 1530 1198 1593 quo
1236 1508 1400 1592 fuse
1457 1509 1863 1592 disputatum
1919 1518 2009 1571 est
2050 1507 2248 1571 Arcb.
2291 1508 2407 1590 IX,

175 1615 249 1676 p.
281 1590 412 1655 673
455 1614 589 1677 sqq.
681 1588 864 1665 Quae
907 1592 1022 1655 boe
1063 1590 1384 1655 volumine
1428 1594 1840 1656 continentur
1878 1600 2157 1656 veterum.
2198 1594 2407 1676 scrip-

185 1685 403 1741 torum
446 1698 647 1759 opera
679 1674 998 1774 pleraque
1043 1698 1174 1739 non
1201 1674 1493 1756 fideliter
1536 1685 1821 1760 eoecepta,
1864 1676 1977 1739 sed
2001 1685 2246 1740 mutato
2276 1698 2406 1739 ser-

185 1782 376 1824 mone
417 1758 678 1823 reddita
719 1759 1058 1843 multisque
1103 1758 1548 1823 additionibus
1593 1770 1788 1824 aucta
1832 1770 2002 1840 sunt,
2045 1762 2143 1824 ita
2186 1770 2257 1824 ut
2294 1761 2419 1842 vix.

184 1843 472 1930 genuini
512 1844 826 1907 sermonis
868 1844 1146 1929 vestiyia
1190 1843 1655 1927 deprehendas.

363 1942 542 2031 (100)
599 1944 657 2006 L
699 1944 758 2008 2.
855 1944 1376 2027 Ooeoniensis,
1462 1944 1613 2011 Coll.
1666 1946 2046 2031 Magdalen.
2098 1945 2243 2009 Lat.
2306 1946 2405 2027 14,

183 2028 445 2096 membr.
490 2050 542 2092 s.
583 2028 690 2112 XI
695 2027 759 2092 V.
802 2029 862 2110 4,
906 2029 1376 2114 Bamberqensi
1419 2030 1674 2109 similis,
1720 2039 1791 2093 ut
1834 2029 1898 2094 V.
1949 2028 2040 2095 ΟΖ.
2080 2031 2165 2094 R.
2209 2029 2407 2093 Pauli

187 2114 572 2177 accuratius
616 2115 933 2197 exposuit,
979 2112 1066 2176 N.
1109 2110 1307 2176 Arch.
1351 2114 1406 2193 Ι,
1448 2136 1516 2196 p.
1565 2112 1680 2177 161
1726 2135 1860 2199 sqq.

362 2213 541 2300 (101)
585 2213 642 2276 L
668 2211 727 2276 3.
795 2213 1433 2279 Saresberiensis
1463 2214 1761 2279 ecclesiae
1791 2213 2189 2278 cathedralis
2224 2214 2403 2278 1060.

184 2298 352 2379 234,
415 2297 566 2361 olim
615 2296 798 2361 ‘liber
839 2297 1095 2363 ecclesie
1137 2296 1420 2379 Sarum',
1465 2298 1717 2362 membr.
1762 2321 1813 2361 s.
1856 2298 2050 2379 XIII,
2122 2320 2164 2361 a
2207 2298 2400 2361 Beth·

180 2404 432 2447 manno
478 2382 602 2444 huc
645 2381 889 2445 relatus
934 2391 1024 2444 est
1033 2403 1060 2462 ,·
1105 2380 1190 2464 cf.
1235 2382 1432 2449 Arck.
1474 2381 1611 2462 VII,
1646 2405 1723 2466 p.
1766 2381 1910 2445 244.
1956 2382 2097 2447 343.

357 2482 766 2569 *Afferuntur
795 2493 1144 2568 praeterea
1161 2494 1184 2529 ²
1201 2505 1222 2547 :

360 2585 540 2671 (102)
635 2584 1078 2649 Vaticanus
1118 2586 1244 2650 Nr.
1287 2585 1472 2667 8086,
1532 2586 1736 2650 chart.
1781 2608 1830 2648 s.
1874 2586 2012 2652 XV
2039 2585 2159 2671 (cf.
2204 2584 2401 2650 Arch.

180 2669 335 2751 XII,
371 2692 446 2753 p.
488 2668 681 2749 260),
748 2670 864 2753 qui
913 2670 1086 2733 inter
1140 2670 1279 2733 alia
1337 2679 1641 2754 excerpta
1695 2692 1775 2733 eoe
1818 2669 2025 2734 Paulo
2124 2670 2405 2735 uaedam

179 2754 403 2819 descri
451 2755 532 2817 sit
575 2750 870 2835 capitula
915 2754 1002 2835 (I,
1049 2753 1271 2816 1—12.
1320 2753 1585 2818 14—16.
1630 2752 1732 2818 22.
1776 2754 1878 2818 23.
1937 2753 2040 2833 II,
2115 2802 2129 2817 .
2176 2753 2402 2821 8—10.

183 2837 395 2900 14—1
439 2883 456 2900 .
502 2835 766 2901 19—21.
825 2836 890 2916 V,
933 2836 1034 2901 30.
1109 2837 1209 2918 VI,
1256 2837 1352 2901 11.
1397 2836 1497 2901 23.
1543 2837 1644 2902 24.
1688 2836 1789 2901 34.
1833 2838 1935 2906 39.
1977 2838 2081 2902 47.
2124 2837 2227 2901 48.
2271 2836 2403 2923 57).

352 2937 533 3084 (lg-{32
621 2939 1159 3019 Mantuanus,
1220 2938 1370 3003 olim
1422 2941 1803 3009 monasterii
1845 2928 2397 3019 Padolironensis,

178 3022 383 3087 Arch.
525 3022 578 3102 I,
611 3044 688 3105 p.
732 3020 872 3085 627.

354 3123 532 3212 (104)
626 3124 1022 3189 Cantabri
1087 3125 1114 3187 i
1126 3128 1340 3189 ensis
1354 3172 1374 3205 ,
1435 3124 1626 3189 Clare
1670 3123 1851 3205 Hall,
1894 3124 2146 3189 membr.
2170 3120 2302 3207 fol.
2348 3147 2399 3187 s.

177 3206 372 3289 XIH,
415 3206 684 3288 Haenel,
737 3205 872 3272 Cat.
910 3229 982 3290 p.
1069 3208 1168 3271 81.

351 3310 540 3398 (105)
631 3308 891 3375 Comitis
935 3307 1012 3370 de
1056 3300 1580 3372 Asburnha'm
1623 3310 1697 3373 L.
1742 3308 1843 3390 86,
1886 3310 2137 3373 membr.
2166 3334 2219 3382 s.
2248 3310 2419 3415 XII,¹

179 3395 374 3478 cujus
419 3395 718 3458 notitiam
761 3392 816 3455 b.
861 3416 943 3456 m.
989 3392 1066 3455 G.
1114 3393 1200 3456 H.
1243 3392 1426 3455 Pertz
1467 3393 1664 3459 dedit.

382 3496 530 3582 106)
615 3494 723 3558 Ab
741 3496 820 3557 ri
834 3496 1159 3559 ncensis
1221 3492 1601 3558 bibliotheca
1667 3494 1917 3580 aliquot
1978 3496 2220 3560 codicis
2285 3499 2401 3581 qui

157 3578 310 3663 fuit
430 3581 600 3644 ontis
634 3578 705 3643 S.
736 3577 1080 3643 ,Michaelis
1105 3576 1293 3663 folia
1335 3600 1386 3640 s.
1428 3577 1579 3641 XII.
1624 3581 1875 3663 scripta
1914 3590 2161 3663 servat,·
2204 3581 2397 3644 Beth,-

174 3684 425 3728 manno
469 3671 644 3743 teste,
682 3663 798 3745 qui
839 3664 932 3727 ibi
961 3684 1286 3746 praesens
1309 3661 1478 3745 fuit.

2423 2510 2496 2563 .p·

349 3762 530 3852 (107)
613 3764 1075 3828 Vaticanus
1113 3763 1564 3829 Palatinus
1605 3766 1730 3829 Nr.
1762 3765 1903 3847 851,
1948 3767 2153 3829 chart.
2181 3719 2234 3829 s.
2263 3766 2399 3847 XV,
2456 3722 2459 3725 <

174 3915 470 3969 comitissae
497 3914 774 3967 Matltildis
815 3918 876 3979 (a
913 3916 1090 3969 comite
1113 3918 1176 3969 P.
1195 3917 1434 3967 Manara
1471 3916 1671 3983 edita),·
1707 3918 1791 3970 De
1813 3918 1974 3984 festis
2014 3920 2399 3985 apostolorum,-

171 3990 260 4043 De
303 3990 370 4039 ⁷2
424 3988 698 4055 discipulis
713 4008 732 4052 ,-
791 3990 874 4041 De
926 3997 1116 4056 septem
1164 3989 1434 4041 miraculis
1485 3990 1703 4053 mundi5
1761 3992 2031 4058 Excevpta
2082 4008 2147 4043 ex
2194 3992 2397 4044 Solino.

177 4062 236 4129 1)
286 4062 346 4117 V.
392 4060 626 4127 (Maffei)
680 4061 863 4115 Indice
919 4062 999 4115 ἅθ’
1039 4060 1164 4114 libri
1218 4062 1277 4113 cli
1333 4062 1509 4115 Giulio
1567 4062 1832 4117 Saibanti.
1920 4065 2106 4117 Veron.
2149 4067 2305 4130 1734,
2344 4066 2395 4129 8,

171 4135 268 4187 ubi
302 4136 382 4187 ita
420 4137 665 4201 affer-tur.-
702 4136 859 4187 Pauli
882 4137 1102 4189 Venafri
1129 4136 1508 4191 Foroliviensis
1548 4137 1615 4187 de
1654 4138 1797 4202 bello
1823 4139 2067 4204 Longob.
2216 4136 2276 4205 2)
2316 4139 2397 4191 De

170 4207 471 4260 Parisiensi
511 4208 610 4259 Nr.
643 4211 782 4259 1750
819 4226 869 4261 v.
895 4226 1063 4274 supra
1092 4208 1137 4260 Ο
1156 4210 1223 4271 3,·
1261 4211 1326 4260 de
1363 4208 1639 4261 Brixiensi
1673 4211 1718 4262 J
1749 4204 1829 4261 1¹³.
1979 4208 2037 4277 3)
2078 4210 2202 4264 Ood.
2244 4212 2395 4262 Glas—

171 4280 447 4345 coviensis,
486 4282 629 4332 Mus.
651 4281 883 4334 Hunter.
909 4280 968 4333 S.
992 4284 1078 4346 52,
1115 4283 1323 4338 membr,
1365 4301 1408 4334 s.
1434 4282 1604 4335 XIII.
1642 4283 1799 4348 XIV,
1835 4283 1997 4335 Pauli
2033 4284 2289 4350 epitomen
2330 4284 2395 4334 ab
2427 4356 2441 4364 δ

170 4354 493 4407 Ekkebardo
533 4356 820 4421 consectam
859 4352 1096 4407 continet.

2531 2515 2602 2552 42.
