2984 4917
444 424 662 475 PAULI
699 422 1050 477 HISTORIA
1087 420 1760 475 LANGOBARDORUM.
1834 421 1977 475 LIB.
2020 422 2094 474 11.
2320 422 2387 473 81

159 590 342 653 simas
383 590 787 674 pervenirent
850 589 1126 655 divitias.
1234 588 1633 675 Gepidorum
1689 610 1841 653 vero
1885 590 1975 654 ita
2037 610 2240 675 genus
2293 600 2393 656 est

159 673 579 755 deminutum,
636 682 709 738 ut
750 684 876 739 ex⁸
929 672 1035 739 illo
1089 676 1218 737 iam
1261 684 1549 759 tempore
1605 672 1773 737 ultra
1828 694 1957 737 non
2006 672 2387 739 habuerintb

163 780 226 823 re
269 781 370 822 em
387 771 430 825 ¹.
499 756 630 823 Sed
659 759 940 823 universi
971 760 1083 845 qui
1111 779 1445 843 superesse
1473 756 1672 822 bello⁰
1704 766 1999 856 poterant
2024 758 2177 823 autd
2222 758 2389 821 Lan-

155 863 232 925 go
276 840 448 906 ardis
509 841 782 907 subiecti
847 852 1014 925 sunt,
1069 852 1210 906 aut⁰
1276 864 1482 941 usque
1530 839 1778 923 *hod1e,
1843 841 2098 905 Hunnis
2162 863 2385 907 eorum
2410 858 2479 913 Ἰ).
2512 862 2585 904 το.

155 926 420 1011 patriam
449 924 942 1011 possidentibuS,
989 924 1150 991 duro
1179 927 1448 1010 impeno
1479 925 1755 990 subiecti
1782 934 2066 1010 gemunt.
2155 924 2391 991 Alboin

156 1030 300 1073 vero
341 1010 436 1074 ita
477 1008 880 1095 praeclarum
919 1010 1108 1096 longe
1137 1008 1391 1096 lateque
1419 1032 1654 1074 nomen
1681 1008 2065 1095 percrebuit,
2129 1020 2202 1075 ut
2242 1010 2392 1076 hac·
2422 1058 2425 1063 -

158 1102 334 1157 tenus
367 1094 561 1159 etiam
600 1103 733 1157 tam
773 1094 1743 1241 ³2¹&wa
1804 1116 1996 1219 (Quam
2046 1116 2127 1159 ue
2171 1103 2235 1159 et
2278 1094 2421 1160 Sa-.

157 1198 388 1242 xonum
407 1189 455 1260 8,
487 1176 602 1242 sed
640 1186 703 1242 et
729 1178 887 1245 alios
918 1200 1056 1242 eius
1102 1200 1205 1242 em
1233 1176 1488 1263 linguae
1565 1178 1807 1243 omines
1884 1178 2019 1256 eius
2046 1177 2247 1242 libera
2274 1182 2417 1243 ‘tas'

157 1272 213 1325 et
251 1260 455 1411 glioria
482 1260 924 1349 bellorumque
952 1260 1218 1327 felicitas
1261 1270 1325 1327 et
1351 1264 1556 1325 virtus
1599 1261 1696 1324 ini
1755 1282 1973 1327 eorum
2004 1249 2412 1331 carminibus}

159 1342 278 1409 cele
323 1356 501 1421 retur
517 1347 569 1408 k.
632 1344 834 1409 Arma
863 1367 1119 1433 quoque
1146 1328 2354 1431 praedm
2353 1348 2392 1431 ¹,

156 1450 191 1492 a
229 1429 442 1495 multis
486 1429 819 1516 hucusque
860 1439 1226 1494 narraturm.

582 1516 1072 1593 EXPLICIT
1091 1524 1120 1555 ¹¹
1170 1516 1479 1591 LIBER
1529 1514 1933 1591 PRIMUS.

393 1713 892 1780 ΙΝΟΙΡΙΠΝΤο
939 1713 1389 1781 CAPITULA
1429 1715 1673 1779 LIBRI
1719 1712 2131 1781 SECUNDI.

195 1838 246 1898 1.
329 1836 670 1917 Quomodo
721 1834 1134 1920 Langobardi
1192 1835 1491 1901 conducti
1554 1858 1593 1900 a
1641 1835 1909 1900 Narsete
1960 1833 2338 1901 chartolario
2358 1848 2387 1891 Ρ

329 1920 539 1986 eidem
571 1927 790 1983 contra
821 1918 1067 2015 Gothos
1111 1918 1423 1984 auxilium
1466 1921 1938 2005 praestiterunt.

156 2078 196 2131 a)
238 2081 344 2121 aecae
390 2082 432 2123 G
467 2084 491 2121 1
540 2082 656 2136 (post
701 2082 836 2136 aad.)
885 2084 924 2124 8.
959 2084 1000 2124 3.
1033 2084 1076 2126 4.
1225 2081 1274 2134 b)
1320 2083 1535 2123 habuerit
1583 2081 1624 2122 G
1658 2084 1696 2121 1.
1732 2082 1776 2120 2.
1808 2082 1862 2131 43
1909 2082 2135 2123 haberent
2180 2084 2223 2123 D
2259 2084 2299 2125 8.
2334 2084 2378 2126 3.

159 2138 196 2189 c)
221 2141 324 2180 dem
353 2143 391 2182 B
428 2143 468 2184 1.
591 2140 638 2193 d)
671 2142 731 2181 ad
762 2154 876 2183 corr.
911 2146 992 2182 aut
1019 2143 1056 2182 F
1091 2144 1141 2192 13
1173 2152 1215 2182 a.
1247 2143 1284 2181 F
1315 2138 1378 2183 ’2.
1411 2142 1454 2181 4.
1489 2142 1532 2183 G
1564 2141 1702 2190 1—43
1732 2141 1843 2179 deest
1873 2141 1969 2181 F5.
2005 2139 2047 2180 G
2079 2142 2213 2185 5a.b.
2241 2143 2384 2185 c.13.

159 2194 196 2247 Θ)
225 2204 269 2240 et
298 2200 351 2241 G.
473 2198 512 2252 f)
540 2202 876 2242 Bavoariorum
908 2201 950 2241 A
980 2200 1050 2251 '33
1081 2202 1409 2241 Baiuariorum
1439 2202 1476 2240 F
1506 2204 1553 2249 ις
1585 2200 1942 2239 Baiuvariorum
1977 2198 2012 2239 G
2043 2196 2105 2241 ‘1.
2142 2201 2184 2242 G
2215 2201 2263 2241 in
2288 2202 2389 2251 pn·-

157 2258 292 2297 oribus
319 2260 444 2299 libris
475 2266 735 2301 constanter.
873 2260 921 2310 g)
955 2259 1182 2300 Saxorum
1211 2259 1254 2299 A
1287 2262 1328 2300 1.
1362 2260 1411 2309 33
1451 2259 1743 2299 saxonorum
1773 2258 1810 2296 F
1843 2260 1882 2297 1.
1916 2257 1957 2299 G
1989 2260 2029 2297 1.
2060 2260 2103 2300 3.
2224 2258 2273 2311 h)
2306 2262 2385 2301 ho·

158 2317 282 2357 minis
311 2319 346 2358 F
380 2321 422 2361 1.
460 2318 501 2359 G
535 2321 573 2360 1.
705 2318 741 2371 i)
775 2320 886 2359 decet
915 2320 953 2359 B
988 2320 1026 2359 2.
1150 2316 1200 2371 k)
1234 2318 1434 2359 celebret
1472 2319 1510 2357 F
1546 2319 1585 2356 1.
1620 2316 1661 2358 G
1695 2319 1735 2359 1.
1854 2314 1889 2367 l)
1924 2318 2089 2358 fuisset
2117 2319 2154 2357 F
2187 2320 2228 2360 1.
2264 2319 2306 2360 G
2341 2322 2382 2361 1.

155 2372 210 2425 m)
241 2383 486 2418 narrantur
516 2378 552 2419 C
585 2379 625 2419 1.
658 2379 695 2417 F
729 2382 769 2420 2.
804 2378 845 2419 G
877 2377 946 2421 5c.
1067 2375 1117 2429 n)
1146 2378 1378 2417 Historiae
1418 2376 1628 2425 Langob.
1675 2375 1799 2425 expl.
1830 2374 1873 2415 A
1906 2376 1946 2416 3.
1978 2377 2031 2425 43
2075 2378 2147 2417 De
2189 2378 2384 2418 historia

156 2432 288 2485 Lang.
321 2438 446 2487 expl.
479 2436 586 2486 Γᾶς
618 2437 648 2477 1.
681 2438 874 2487 primus,
897 2442 1000 2487 post
1029 2438 1131 2477 add.
1163 2438 1327 2477 istorie
1357 2436 1565 2485 Langob.
1598 2436 1641 2475 D
1676 2437 1725 2484 13
1756 2434 1883 2475 Finit
1913 2435 2033 2475 liber
2060 2437 2236 2485 primus
2267 2438 2383 2488 D83

156 2492 244 2533 haee
273 2497 470 2535 omittunt
499 2497 536 2535 F
556 2497 595 2537 1.
617 2494 658 2536 G
676 2497 717 2538 3.
737 2497 779 2549 4,
811 2497 900 2538 alii.
995 2494 1040 2547 o)
1074 2496 1246 2545 Incipit
1277 2496 1334 2536 de
1365 2495 1561 2536 historia
1593 2494 1799 2544 capitula
1814 2494 1844 2535 l.
1864 2504 1900 2535 s.
1918 2493 1961 2534 A
1979 2496 2029 2544 83
2063 2497 2257 2545 capituli
2274 2498 2316 2535 D
2342 2498 2382 2537 1.

158 2550 324 2593 Iudicem
370 2555 571 2595 omittunt
601 2554 640 2594 A
672 2551 734 2596 1’2.
770 2557 812 2596 6.
846 2556 884 2595 Β
918 2556 988 2595 2ο..
1034 2556 1072 2595 E
1103 2557 1146 2596 4.
1179 2556 1231 2596 F.
1267 2555 1308 2597 G
1341 2554 1412 2594 5b.
1443 2555 1466 2594 1
1500 2556 1551 2603 83
1582 2554 1743 2593 codices
1776 2553 1813 2594 G
1852 2554 1891 2592 1.
1926 2554 1967 2593 8.
2002 2554 2043 2593 3.
2076 2554 2119 2594 4.
2154 2552 2216 2597 ‘5.
2251 2555 2380 2599 5a.c.

155 2610 210 2648 ica
239 2614 447 2653 exhibent:
484 2616 524 2655 1.
557 2615 628 2654 De
661 2624 716 2655 eo
749 2615 873 2663 quod
901 2615 1072 2655 Nat-ses
1103 2615 1326 2665 patricius
1359 2615 1541 2662 legatos
1560 2614 1618 2653 ad
1661 2612 1837 2652 Albuin
1867 2612 2041 2664 dirigit,
2074 2618 2303 2663 quatenus
2335 2616 2383 2655 ei

154 2675 449 2719 pugnaturum
482 2672 611 2725 (--ro
643 2672 689 2724 2)
723 2684 826 2713 cum
858 2673 1021 2714 Gothis
1051 2674 1283 2713 auxilium
1312 2674 1622 2721 ministraren
1666 2675 1713 2712 et
1745 2672 1802 2711 de
1846 2675 1994 2712 morte
2025 2673 2210 2715 'rotilae
2240 2674 2380 2723 regis.

156 2729 190 2769 2.
219 2731 286 2770 ΒΘ
316 2742 370 2772 eo
402 2732 529 2781 quod
559 2732 844 2772 Buccillinus
877 2735 922 2771 et
951 2731 1179 2781 Amingus
1224 2732 1429 2785 (Emingi
1463 2734 1513 2781 13
1568 2731 1817 2779 Hemming
1848 2729 1893 2781 8)
1925 2732 2210 2772 Francorum
2242 2734 2382 2773 duces

156 2797 180 2826 a
205 2788 386 2831 Narsete
420 2790 632 2844 (Nersete
665 2788 710 2841 2)
757 2792 978 2842 superati,
1025 2792 1217 2832 extincti
1248 2793 1370 2833 sunt.
1448 2792 1492 2831 3.
1527 2791 1617 2829 Hic
1646 2791 1830 2841 Nax-ses,
1874 2794 2089 2839 superato
2123 2790 2381 2833 sindualdo

155 2846 220 2898 (-
250 2850 394 2889 waldo
425 2847 472 2900 2)
506 2860 631 2901 rege,
663 2851 790 2891 celsa
819 2860 925 2889 eum
957 2851 1015 2891 de
1057 2850 1185 2903 (deest
1217 2851 1258 2891 8.
1291 2848 1338 2901 4)
1370 2850 1499 2890 trabe
1532 2849 1785 2900 suspendit.
1860 2849 1903 2890 4.
1936 2850 2007 2891 ΒΘ
2038 2850 2187 2898 signis
2218 2854 2384 2891 morta?

155 2905 283 2947 litatis
312 2910 362 2949 in
391 2909 550 2961 Italia,
580 2912 627 2949 et
657 2908 715 2950 de
747 2913 891 2949 morte
921 2910 1172 2950 Iustiniani
1217 2911 1401 2957 augusti
1432 2913 1478 2949 et
1522 2909 1717 2958 imperio
1759 2908 1943 2949 Iustini.
2016 2910 2059 2949 5.
2094 2910 2165 2949 ΒΘ
2197 2920 2382 2951 accusa·

155 2964 280 3018 tione,
337 2979 428 3017 qua
471 2968 670 3007 Romani
724 2968 968 3009 Narsetem
1015 2969 1190 3009 Iustino
1235 2973 1280 3007 et
1321 2969 1422 3008 eius
1465 2969 1652 3016 coniugi
1699 2966 1903 3016 Sophiae
1946 2967 2183 3020 fecerunt,
2228 2971 2273 3009 et
2321 2970 2378 3010 de

153 3020 454 3074 Langobardis
497 3027 555 3068 ad
596 3027 784 3066 Italiam
826 3027 1048 3069 invitatis.
1119 3028 1159 3070 6.
1191 3029 1262 3067 ΒΘ
1295 3038 1350 3067 eo
1398 3028 1521 3076 quod
1562 3027 1737 3066 Albuin
1768 3025 1953 3066 Italiam
1994 3026 2287 3077 profecturus
2318 3028 2378 3067 ab

155 3084 298 3123 amicis
343 3088 440 3127 suis
482 3086 649 3126 vetulis
682 3084 943 3125 Saxonihus
984 3087 1208 3127 auxilium
1245 3087 1375 3136 petit,
1417 3096 1521 3125 cum
1554 3096 1644 3133 quo
1678 3089 1722 3124 et
1750 3085 1857 3134 plus
1888 3095 2027 3133 quam
2059 3084 2218 3137 (quam
2248 3089 2295 3125 et
2329 3084 2375 3137 3)

153 3143 303 3190 viginti
333 3146 464 3185 milia
492 3148 732 3185 venerunt.
798 3146 837 3185 7.
871 3146 960 3185 Hic
1001 3146 1163 3185 relicta
1192 3145 1489 3194 Langobardi
1520 3145 1734 3183 Panonizi
1765 3146 1809 3182 et
1841 3144 2162 3183 commendata
2191 3142 2375 3185 Hunnis

157 3198 308 3251 (Hunis
341 3206 386 3254 83
419 3204 624 3243 Huinnis
657 3202 702 3254 3)
735 3203 924 3243 Italiam
955 3207 1208 3253 properant
1236 3204 1509 3254 possessuri.
1572 3202 1615 3242 8.
1649 3202 1738 3241 Hic
1770 3201 1995 3242 adventus
2027 3203 2150 3250 regis
2181 3203 2373 3243 Albuini

155 3258 218 3311 (A.
247 3273 282 3301 r.
315 3263 353 3303 3.
386 3262 435 3314 4)
471 3262 528 3301 ad
561 3262 689 3315 (deest
720 3263 744 3301 2
754 3270 766 3309 )
799 3267 1004 3304 montem
1033 3262 1173 3311 Regis
1206 3261 1347 3314 (regii
1379 3260 1436 3313 3).
1502 3259 1546 3312 9)
1580 3262 1653 3301 ΒΘ
1685 3270 1739 3301 eo
1782 3261 1905 3308 quod
1934 3259 2110 3300 Albuin
2140 3261 2191 3300 in
2222 3265 2373 3302 castro

152 3317 360 3361 Foroiulii
393 3322 640 3376 (Foraiulii
674 3323 722 3370 13
753 3322 974 3361 Foroiulo
990 3318 1051 3362 ⁸5.
1085 3319 1160 3372 50.)
1196 3320 1473 3371 Gisulphum
1507 3320 1580 3373 (-—
1613 3318 1711 3359 fum
1743 3318 1784 3361 8.
1816 3319 1857 3360 3.
1892 3316 1938 3370 4)
1974 3323 2192 3369 nepotem
2223 3330 2373 3372 suum,

155 3379 223 3425 qui
253 3381 347 3420 eius
378 3384 549 3421 strator
579 3384 692 3431 erat,
725 3380 887 3421 ducem
933 3380 1184 3422 constituit.
1259 3380 1328 3420 10.
1363 3381 1434 3419 ΒΘ
1465 3382 1612 3419 morte
1653 3377 1915 3419 chlotharii
1961 3378 2136 3430 (Hloth.
2171 3376 2216 3430 2)
2250 3380 2375 3428 regis

153 3435 432 3492 Francorum,
465 3443 512 3480 et
541 3440 642 3479 eius
674 3450 870 3488 regnum
901 3440 1185 3489 quadrifarie
1233 3440 1433 3479 divisum
1477 3437 1641 3491 (regno
1674 3448 1719 3485 q.
1764 3437 1915 3476 diviso
1949 3438 1989 3477 2.
2024 3432 2085 3476 ’5.
2117 3436 2209 3489 5η),
2241 3441 2287 3478 et
2317 3439 2375 3479 de

154 3493 262 3536 bello
293 3497 409 3550 (eius
440 3498 484 3539 b.
518 3499 560 3539 3.
594 3496 673 3549 47)
715 3497 916 3539 Avarum
961 3498 1014 3538 in
1053 3499 1258 3539 Francos
1299 3498 1463 3537 inlato.
1536 3498 1607 3537 11.
1640 3497 1711 3536 ΒΘ
1743 3499 1890 3537 morte
1930 3496 2138 3537 Narsetis
2174 3498 2377 3547 patricii.

157 3554 216 3594 12.
248 3555 373 3603 Quod
405 3567 489 3597 rex
517 3556 694 3597 Albuin
730 3557 877 3597 Felici
921 3558 1138 3607 episcopo
1181 3557 1456 3597 Tarvisiano
1501 3566 1660 3596 omnes
1702 3555 1949 3595 facultates
1993 3556 2223 3597 ecclesiae
2272 3568 2378 3597 con·

155 3615 292 3654 cessit.
352 3617 422 3657 13.
441 3616 513 3656 De
531 3626 586 3656 eo
604 3615 728 3665 quod
741 3617 1018 3657 Fortunatus
1035 3618 1084 3656 in
1103 3620 1198 3657 arte
1216 3616 1519 3665 grammatica
1534 3616 1633 3655 sive
1651 3614 1882 3655 rethorica
1912 3625 1995 3655 seu
2025 3616 2220 3655 metrica
2251 3614 2378 3668 (geo-

156 3674 328 3714 metrica
359 3673 402 3726 3)
447 3676 730 3715 clarissimus
761 3675 930 3716 extitit.
996 3677 1066 3717 14.
1099 3675 1172 3717 ΒΘ
1205 3687 1261 3717 eo
1306 3676 1430 3724 quod
1468 3673 1642 3714 Albuin
1684 3673 1845 3723 pauci·
1886 3674 2093 3723 exceptis
2135 3677 2255 3714 totas
2286 3676 2377 3717 Ve-

156 3732 293 3773 netiae
307 3735 483 3783 primae
499 3734 772 3783 prov-inciae
789 3734 1001 3775 civitates
1035 3734 1164 3787 (corr.
1183 3735 1372 3775 civitate
1388 3730 1434 3785 2)
1465 3734 1635 3783 coepit.
1702 3731 1858 3773 15.De
1892 3734 2096 3772 secunda
2127 3734 2374 3783 provincia

155 3786 328 3837 Liguria
357 3796 404 3834 et
434 3794 491 3834 de
523 3792 651 3846 (deest
691 3790 738 3843 4)
771 3792 908 3833 Retia
951 3792 1084 3845 (Reci
1115 3791 1161 3844 3)
1205 3794 1358 3843 prima
1396 3796 1444 3834 et
1487 3793 1625 3832 Retia
1667 3791 1885 3833 secunda.
1959 3792 2031 3831 16.
2063 3793 2135 3832 ΒΘ
2174 3791 2375 3842 Alpibus

157 3845 389 3891 cottiarum
421 3850 682 3902 (Gotiarum
717 3854 755 3893 1.
793 3852 834 3894 3.
865 3850 912 3903 4)
946 3856 993 3893 et
1029 3853 1200 3893 Tuscia
1233 3852 1413 3905 (Tustia
1446 3850 1507 3903 1).
1573 3851 1643 3891 1‘1.
1677 3851 1750 3891 ΒΘ
1782 3850 2039 3901 Campania
2072 3854 2117 3891 et
2146 3852 2373 3893 Lucania.

158 3906 217 3946 18.
247 3908 313 3949 De
342 3910 538 3961 Alpibus
569 3909 830 3960 Apenninis
874 3910 1007 3963 (corr.
1039 3911 1267 3961 Apeninis
1301 3909 1345 3963 2)
1379 3915 1425 3952 et
1463 3910 1653 3951 Emilia.
1719 3909 1789 3950 19.
1823 3910 1894 3949 ΒΘ
1933 3910 2216 3949 Flamminia
2249 3910 2377 3963 (Fla-

155 3965 286 4006 minia
315 3969 354 4010 3.
387 3967 434 4021 4)
468 3973 512 4011 et
542 3969 768 4009 Picenum
797 3969 991 4023 (Picenu
1024 3972 1070 4019 13
1103 3972 1275 4011 Piceno
1310 3972 1350 4013 2.
1366 3966 1428 4010 ’5.
1463 3967 1559 4021 5a).
1623 3970 1694 4010 20.
1728 3969 1799 4007 ΒΘ
1831 3968 2021 4010 Valeria
2052 3971 2097 4008 et
2128 3968 2370 4010 Samnium

159 4020 346 4073 (Samnio
377 4026 440 4068 ⁹5.
474 4025 567 4078 5⁸).
646 4029 717 4069 21.
750 4030 823 4068 ΒΘ
853 4027 1026 4079 Apulia
1057 4028 1266 4083 (Apullia
1307 4031 1350 4072 1.
1381 4026 1427 4080 3)
1475 4030 1522 4069 et
1554 4027 1731 4069 Sicilia.
1795 4027 1870 4070 22.
1902 4027 1973 4067 ΒΘ
2022 4027 2211 4068 Corsica
2240 4032 2287 4067 et
2317 4028 2377 4067 de

158 4078 357 4126 Sardinia
387 4086 452 4141 (et
481 4086 648 4128 Sardis.
678 4085 740 4139 4).
803 4088 875 4127 23.
909 4086 1043 4136 Quod
1086 4088 1298 4129 Brennus
1346 4087 1578 4140 (Brennus
1615 4091 1718 4137 post
1762 4097 1877 4128 corr.
1923 4087 2135 4127 Brennus
2170 4089 2220 4136 13
2266 4088 2377 4126 Bre-

157 4148 306 4183 munus
337 4145 390 4195 33
434 4147 692 4186 Premunus
723 4143 768 4196 4)
817 4157 899 4187 rex
944 4146 1177 4196 quondam
1209 4148 1453 4189 Gallorum
1483 4157 1588 4186 cum
1619 4145 1828 4186 tricentis
1874 4146 2063 4185 milibus
2095 4146 2155 4187 ad
2185 4145 2376 4185 Italiam

157 4203 332 4244 venerit.
422 4206 492 4245 24.
525 4203 658 4253 Quod
688 4205 830 4245 Italia
876 4208 922 4246 et
953 4204 1162 4248 Ausonia
1208 4210 1255 4248 et
1293 4205 1478 4246 Latium
1511 4204 1721 4259 (Lacium
1755 4203 1799 4257 1)
1846 4205 2088 4245 vocitetur.
2181 4203 2253 4245 25.
2284 4202 2375 4244 Ubi

158 4254 316 4303 Albuin
343 4263 581 4313 Liguriam
624 4264 848 4306 introivit.
921 4266 993 4307 26.
1025 4266 1097 4306 ΒΘ
1137 4275 1191 4306 eo
1239 4266 1362 4314 quod
1393 4264 1659 4306 'ticinensis
1705 4264 1869 4304 civitas
1909 4273 1994 4313 per
2032 4264 2285 4304 triennium
2310 4262 2383 4303 sit

165 4386 214 4455 1)
249 4393 392 4448 Haec
430 4414 494 4449 ex
539 4396 684 4467 Oriy.

1848 4496 1880 4547 6
