<?xml version="1.0" encoding="UTF-8"?>
<!DOCTYPE html PUBLIC "-//W3C//DTD XHTML 1.0 Transitional//EN"
    "http://www.w3.org/TR/xhtml1/DTD/xhtml1-transitional.dtd">
<html xmlns="http://www.w3.org/1999/xhtml" xml:lang="en" lang="en">
 <head>
  <title>
</title>
<meta http-equiv="Content-Type" content="text/html;charset=utf-8" />
  <meta name='ocr-system' content='tesseract 3.04.00' />
  <meta name='ocr-capabilities' content='ocr_page ocr_carea ocr_par ocr_line ocrx_word'/>
</head>
<body>
  <div class='ocr_page' id='page_1' title='image "./scriptoresrerum05unkngoog_0149.png"; bbox 0 0 2984 4917; ppageno 0'>
   <div class='ocr_carea' id='block_1_1' title="bbox 452 425 2424 498">
    <p class='ocr_par' dir='ltr' id='par_1_1' title="bbox 452 425 2424 498">
     <span class='ocr_line' id='line_1_1' title="bbox 452 425 2424 498; baseline 0.002 -22"><span class='ocrx_word' id='word_1_1' title='bbox 452 425 678 478; x_wconf 84' lang='lat' dir='ltr'>PAULI</span> <span class='ocrx_word' id='word_1_2' title='bbox 716 425 1066 498; x_wconf 82' lang='lat' dir='ltr'><strong>HISTORIA</strong></span> <span class='ocrx_word' id='word_1_3' title='bbox 1106 427 1782 481; x_wconf 88' lang='lat' dir='ltr'>LANGOBARDORUM.</span> <span class='ocrx_word' id='word_1_4' title='bbox 1857 428 1999 480; x_wconf 91' lang='lat' dir='ltr'>LIB.</span> <span class='ocrx_word' id='word_1_5' title='bbox 2040 429 2149 480; x_wconf 90' lang='grc' dir='ltr'><strong>ΙΙΙ.</strong></span> <span class='ocrx_word' id='word_1_6' title='bbox 2323 431 2424 481; x_wconf 85' lang='grc'>139</span> 
     </span>
    </p>
   </div>
   <div class='ocr_carea' id='block_1_2' title="bbox 178 593 2424 682">
    <p class='ocr_par' dir='ltr' id='par_1_2' title="bbox 178 593 2424 682">
     <span class='ocr_line' id='line_1_2' title="bbox 178 593 2424 682; baseline 0.002 -24"><span class='ocrx_word' id='word_1_7' title='bbox 178 595 293 658; x_wconf 92' lang='lat' dir='ltr'>sed</span> <span class='ocrx_word' id='word_1_8' title='bbox 346 593 433 657; x_wconf 90' lang='lat' dir='ltr'>ad</span> <span class='ocrx_word' id='word_1_9' title='bbox 491 593 996 680; x_wconf 83' lang='lat' dir='ltr'>Ohildepertum,</span> <span class='ocrx_word' id='word_1_10' title='bbox 1050 599 1161 681; x_wconf 91' lang='lat' dir='ltr'>qui</span> <span class='ocrx_word' id='word_1_11' title='bbox 1218 596 1318 660; x_wconf 76' lang='lat' dir='ltr'>ei⁸¹</span> <span class='ocrx_word' id='word_1_12' title='bbox 1361 618 1568 682; x_wconf 86' lang='lat' dir='ltr'>nepus</span> <span class='ocrx_word' id='word_1_13' title='bbox 1621 619 1706 661; x_wconf 86' lang='lat' dir='ltr'>ex</span> <span class='ocrx_word' id='word_1_14' title='bbox 1745 596 1938 662; x_wconf 84' lang='lat' dir='ltr'>fratre</span> <span class='ocrx_word' id='word_1_15' title='bbox 1983 607 2138 678; x_wconf 89' lang='lat' dir='ltr'>erat,</span> <span class='ocrx_word' id='word_1_16' title='bbox 2199 597 2424 663; x_wconf 87' lang='lat' dir='ltr'>directi</span> 
     </span>
    </p>
   </div>
   <div class='ocr_carea' id='block_1_3' title="bbox 176 679 2462 779">
    <p class='ocr_par' dir='ltr' id='par_1_3' title="bbox 176 679 2462 779">
     <span class='ocr_line' id='line_1_3' title="bbox 176 679 2462 779; baseline 0.003 -39"><span class='ocrx_word' id='word_1_17' title='bbox 176 687 343 759; x_wconf 89' lang='lat' dir='ltr'>sunt,</span> <span class='ocrx_word' id='word_1_18' title='bbox 404 687 477 741; x_wconf 89' lang='lat' dir='ltr'>ut</span> <span class='ocrx_word' id='word_1_19' title='bbox 532 701 651 765; x_wconf 90' lang='lat' dir='ltr'>per</span> <span class='ocrx_word' id='word_1_20' title='bbox 703 679 841 743; x_wconf 89' lang='lat' dir='ltr'>eius</span> <span class='ocrx_word' id='word_1_21' title='bbox 894 681 1161 744; x_wconf 73' lang='lat' dir='ltr'>notumb</span> <span class='ocrx_word' id='word_1_22' title='bbox 1204 701 1339 766; x_wconf 87' lang='lat' dir='ltr'>pax</span> <span class='ocrx_word' id='word_1_23' title='bbox 1398 702 1548 744; x_wconf 89' lang='lat' dir='ltr'>cum</span> <span class='ocrx_word' id='word_1_24' title='bbox 1604 689 1795 779; x_wconf 81' lang='lat' dir='ltr'>gente</span> <span class='ocrx_word' id='word_1_25' title='bbox 1845 681 2462 766; x_wconf 83' lang='lat' dir='ltr'>Langobardorum.</span> 
     </span>
    </p>
   </div>
   <div class='ocr_carea' id='block_1_4' title="bbox 166 761 2432 2868">
    <p class='ocr_par' dir='ltr' id='par_1_4' title="bbox 166 761 2432 2868">
     <span class='ocr_line' id='line_1_4' title="bbox 174 761 2422 849; baseline 0.001 -23"><span class='ocrx_word' id='word_1_26' title='bbox 174 761 559 826; x_wconf 88' lang='lat' dir='ltr'>firmaretur.</span> <span class='ocrx_word' id='word_1_27' title='bbox 644 763 805 828; x_wconf 84' lang='lat' dir='ltr'><strong>Erat</strong></span> <span class='ocrx_word' id='word_1_28' title='bbox 832 774 1084 828; x_wconf 82' lang='lat' dir='ltr'>autem⁰</span> <span class='ocrx_word' id='word_1_29' title='bbox 1131 761 1616 828; x_wconf 79' lang='lat' dir='ltr'>Gunthramnus</span> <span class='ocrx_word' id='word_1_30' title='bbox 1651 775 1789 846; x_wconf 78' lang='lat' dir='ltr'>iste,</span> <span class='ocrx_word' id='word_1_31' title='bbox 1836 765 1916 830; x_wconf 91' lang='lat' dir='ltr'>de</span> <span class='ocrx_word' id='word_1_32' title='bbox 1991 787 2074 829; x_wconf 90' lang='lat' dir='ltr'>uo</span> <span class='ocrx_word' id='word_1_33' title='bbox 2119 764 2422 849; x_wconf 75' lang='lat' dir='ltr'>diximuS,</span> 
     </span>
     <span class='ocr_line' id='line_1_5' title="bbox 175 846 2426 932; baseline 0.002 -23"><span class='ocrx_word' id='word_1_34' title='bbox 175 868 293 910; x_wconf 84' lang='lat' dir='ltr'>rex</span> <span class='ocrx_word' id='word_1_35' title='bbox 354 846 667 932; x_wconf 90' lang='lat' dir='ltr'>pacificus</span> <span class='ocrx_word' id='word_1_36' title='bbox 728 856 792 912; x_wconf 89' lang='lat' dir='ltr'>et</span> <span class='ocrx_word' id='word_1_37' title='bbox 856 849 1030 911; x_wconf 83' lang='lat' dir='ltr'>omni</span> <span class='ocrx_word' id='word_1_38' title='bbox 1095 849 1377 913; x_wconf 90' lang='lat' dir='ltr'>bonitate</span> <span class='ocrx_word' id='word_1_39' title='bbox 1444 871 1598 912; x_wconf 89' lang='lat' dir='ltr'>cons</span> <span class='ocrx_word' id='word_1_40' title='bbox 1647 849 1851 913; x_wconf 87' lang='lat' dir='ltr'>icuus.</span> <span class='ocrx_word' id='word_1_41' title='bbox 2015 850 2158 912; x_wconf 90' lang='lat' dir='ltr'>uius</span> <span class='ocrx_word' id='word_1_42' title='bbox 2223 872 2426 913; x_wconf 89' lang='lat' dir='ltr'>unum</span> 
     </span>
     <span class='ocr_line' id='line_1_6' title="bbox 174 929 2425 998; baseline 0.003 -6"><span class='ocrx_word' id='word_1_43' title='bbox 174 929 422 995; x_wconf 89' lang='lat' dir='ltr'>factum</span> <span class='ocrx_word' id='word_1_44' title='bbox 482 931 634 994; x_wconf 90' lang='lat' dir='ltr'>satis</span> <span class='ocrx_word' id='word_1_45' title='bbox 707 931 1106 998; x_wconf 84' lang='lat' dir='ltr'>ammirabile</span> <span class='ocrx_word' id='word_1_46' title='bbox 1164 931 1367 997; x_wconf 68' lang='lat' dir='ltr'>li&#39;betd</span> <span class='ocrx_word' id='word_1_47' title='bbox 1435 955 1554 996; x_wconf 83' lang='lat' dir='ltr'>nos</span> <span class='ocrx_word' id='word_1_48' title='bbox 1654 933 1760 995; x_wconf 91' lang='lat' dir='ltr'>uic</span> <span class='ocrx_word' id='word_1_49' title='bbox 1812 943 2068 998; x_wconf 90' lang='lat' dir='ltr'>nostrae</span> <span class='ocrx_word' id='word_1_50' title='bbox 2124 933 2425 998; x_wconf 84' lang='lat' dir='ltr'>historiae</span> 
     </span>
     <span class='ocr_line' id='line_1_7' title="bbox 173 1013 2424 1101; baseline 0.001 -24"><span class='ocrx_word' id='word_1_51' title='bbox 173 1013 462 1080; x_wconf 90' lang='lat' dir='ltr'>breviter</span> <span class='ocrx_word' id='word_1_52' title='bbox 503 1015 814 1097; x_wconf 86' lang='lat' dir='ltr'>inserere,</span> <span class='ocrx_word' id='word_1_53' title='bbox 871 1017 1247 1101; x_wconf 86' lang='lat' dir='ltr'>praesertim</span> <span class='ocrx_word' id='word_1_54' title='bbox 1304 1037 1448 1079; x_wconf 89' lang='lat' dir='ltr'>cum</span> <span class='ocrx_word' id='word_1_55' title='bbox 1505 1015 1628 1080; x_wconf 92' lang='lat' dir='ltr'>hoc</span> <span class='ocrx_word' id='word_1_56' title='bbox 1679 1018 2076 1082; x_wconf 82' lang='lat' dir='ltr'>Francorum</span> <span class='ocrx_word' id='word_1_57' title='bbox 2126 1016 2424 1082; x_wconf 69' lang='lat' dir='ltr'>historiae</span> 
     </span>
     <span class='ocr_line' id='line_1_8' title="bbox 173 1099 2428 1166; baseline 0.002 -6"><span class='ocrx_word' id='word_1_58' title='bbox 173 1100 544 1163; x_wconf 83' lang='lat' dir='ltr'>noverimus</span> <span class='ocrx_word' id='word_1_59' title='bbox 615 1099 878 1164; x_wconf 90' lang='lat' dir='ltr'>minime</span> <span class='ocrx_word' id='word_1_60' title='bbox 938 1101 1266 1164; x_wconf 83' lang='lat' dir='ltr'>contineri.</span> <span class='ocrx_word' id='word_1_61' title='bbox 1365 1101 1431 1166; x_wconf 92' lang='lat' dir='ltr'>Is</span> <span class='ocrx_word' id='word_1_62' title='bbox 1448 1113 1467 1147; x_wconf 88' lang='lat'>1</span> <span class='ocrx_word' id='word_1_63' title='bbox 1529 1123 1678 1164; x_wconf 91' lang='lat' dir='ltr'>cum</span> <span class='ocrx_word' id='word_1_64' title='bbox 1740 1112 2042 1166; x_wconf 89' lang='lat' dir='ltr'>venatum</span> <span class='ocrx_word' id='word_1_65' title='bbox 2144 1101 2379 1165; x_wconf 87' lang='lat' dir='ltr'>nodam</span> <span class='ocrx_word' id='word_1_66' title='bbox 2405 1101 2428 1144; x_wconf 74' lang='lat' dir='ltr'>f</span> 
     </span>
     <span class='ocr_line' id='line_1_9' title="bbox 172 1182 2426 1272; baseline 0.001 -26"><span class='ocrx_word' id='word_1_67' title='bbox 172 1192 468 1268; x_wconf 89' lang='lat' dir='ltr'>tempore</span> <span class='ocrx_word' id='word_1_68' title='bbox 524 1183 591 1245; x_wconf 92' lang='lat' dir='ltr'>in</span> <span class='ocrx_word' id='word_1_69' title='bbox 635 1182 863 1247; x_wconf 90' lang='lat' dir='ltr'>silvam</span> <span class='ocrx_word' id='word_1_70' title='bbox 913 1185 1085 1265; x_wconf 89' lang='lat' dir='ltr'>isset,</span> <span class='ocrx_word' id='word_1_71' title='bbox 1136 1194 1261 1267; x_wconf 67' lang='lat' dir='ltr'>etss,</span> <span class='ocrx_word' id='word_1_72' title='bbox 1313 1193 1385 1248; x_wconf 89' lang='lat' dir='ltr'>ut</span> <span class='ocrx_word' id='word_1_73' title='bbox 1438 1184 1683 1248; x_wconf 85' lang='lat' dir='ltr'>adsolet</span> <span class='ocrx_word' id='word_1_74' title='bbox 1725 1185 1883 1268; x_wconf 90' lang='lat' dir='ltr'>fieri,</span> <span class='ocrx_word' id='word_1_75' title='bbox 1933 1185 2055 1250; x_wconf 91' lang='lat' dir='ltr'>hac</span> <span class='ocrx_word' id='word_1_76' title='bbox 2105 1188 2128 1249; x_wconf 93' lang='lat' dir='ltr'>i</span> <span class='ocrx_word' id='word_1_77' title='bbox 2175 1187 2426 1272; x_wconf 73' lang='lat' dir='ltr'>acquell</span> 
     </span>
     <span class='ocr_line' id='line_1_10' title="bbox 174 1265 2427 1353; baseline 0.003 -25"><span class='ocrx_word' id='word_1_78' title='bbox 174 1265 683 1332; x_wconf 79' lang='lat' dir='ltr'>discurrentibus</span> <span class='ocrx_word' id='word_1_79' title='bbox 729 1269 939 1349; x_wconf 86' lang='lat' dir='ltr'>sociis,</span> <span class='ocrx_word' id='word_1_80' title='bbox 986 1269 1122 1353; x_wconf 89' lang='lat' dir='ltr'>ipse</span> <span class='ocrx_word' id='word_1_81' title='bbox 1165 1290 1313 1332; x_wconf 90' lang='lat' dir='ltr'>cum</span> <span class='ocrx_word' id='word_1_82' title='bbox 1357 1289 1483 1331; x_wconf 90' lang='lat' dir='ltr'>uno</span> <span class='ocrx_word' id='word_1_83' title='bbox 1528 1266 1899 1333; x_wconf 86' lang='lat' dir='ltr'>fidelissimo</span> <span class='ocrx_word' id='word_1_84' title='bbox 1951 1279 2200 1334; x_wconf 88' lang='lat' dir='ltr'>tantum</span> <span class='ocrx_word' id='word_1_85' title='bbox 2219 1271 2262 1312; x_wconf 64' lang='lat' dir='ltr'>i&#39;</span> <span class='ocrx_word' id='word_1_86' title='bbox 2311 1291 2427 1334; x_wconf 89' lang='lat' dir='ltr'>suo</span> 
     </span>
     <span class='ocr_line' id='line_1_11' title="bbox 170 1351 2427 1497; baseline 0.002 -84"><span class='ocrx_word' id='word_1_87' title='bbox 170 1351 604 1431; x_wconf 85' lang='lat' dir='ltr'>remansisset,</span> <span class='ocrx_word' id='word_1_88' title='bbox 660 1353 1038 1497; x_wconf 48' lang='lat' dir='ltr'>pravissimo</span> <span class='ocrx_word' id='word_1_89' title='bbox 1095 1374 1317 1416; x_wconf 87' lang='lat' dir='ltr'>somno</span> <span class='ocrx_word' id='word_1_90' title='bbox 1363 1353 1726 1438; x_wconf 89' lang='lat' dir='ltr'>depressus,</span> <span class='ocrx_word' id='word_1_91' title='bbox 1785 1363 1979 1438; x_wconf 91' lang='lat' dir='ltr'>caput</span> <span class='ocrx_word' id='word_1_92' title='bbox 2030 1355 2098 1417; x_wconf 93' lang='lat' dir='ltr'>in</span> <span class='ocrx_word' id='word_1_93' title='bbox 2153 1354 2427 1438; x_wconf 85' lang='lat' dir='ltr'>genibus</span> 
     </span>
     <span class='ocr_line' id='line_1_12' title="bbox 173 1434 2426 1518; baseline 0.002 -21"><span class='ocrx_word' id='word_1_94' title='bbox 173 1434 469 1499; x_wconf 89' lang='lat' dir='ltr'>eiusdem</span> <span class='ocrx_word' id='word_1_95' title='bbox 532 1434 658 1499; x_wconf 91' lang='lat' dir='ltr'>fide</span> <span class='ocrx_word' id='word_1_96' title='bbox 684 1436 737 1498; x_wconf 88' lang='lat' dir='ltr'>is</span> <span class='ocrx_word' id='word_1_97' title='bbox 802 1437 902 1499; x_wconf 87' lang='lat' dir='ltr'>sui</span> <span class='ocrx_word' id='word_1_98' title='bbox 965 1435 1281 1500; x_wconf 89' lang='lat' dir='ltr'>reclinans</span> <span class='ocrx_word' id='word_1_99' title='bbox 1301 1485 1317 1518; x_wconf 88' lang='lat'>,</span> <span class='ocrx_word' id='word_1_100' title='bbox 1384 1435 1792 1501; x_wconf 84' lang='lat' dir='ltr'>obdormivit.</span> <span class='ocrx_word' id='word_1_101' title='bbox 1899 1438 2002 1502; x_wconf 93' lang='lat' dir='ltr'>De</span> <span class='ocrx_word' id='word_1_102' title='bbox 2068 1440 2248 1502; x_wconf 87' lang='lat' dir='ltr'>cuius</span> <span class='ocrx_word' id='word_1_103' title='bbox 2317 1460 2426 1502; x_wconf 92' lang='lat' dir='ltr'>ore</span> 
     </span>
     <span class='ocr_line' id='line_1_13' title="bbox 170 1517 2426 1605; baseline 0.001 -24"><span class='ocrx_word' id='word_1_104' title='bbox 170 1541 456 1604; x_wconf 87' lang='lat' dir='ltr'>parvum</span> <span class='ocrx_word' id='word_1_105' title='bbox 486 1517 722 1582; x_wconf 88' lang='lat' dir='ltr'>animal</span> <span class='ocrx_word' id='word_1_106' title='bbox 748 1520 817 1583; x_wconf 93' lang='lat' dir='ltr'>in</span> <span class='ocrx_word' id='word_1_107' title='bbox 846 1519 1111 1583; x_wconf 91' lang='lat' dir='ltr'>modum</span> <span class='ocrx_word' id='word_1_108' title='bbox 1139 1519 1380 1605; x_wconf 82' lang='lat' dir='ltr'>reptilis</span> <span class='ocrx_word' id='word_1_109' title='bbox 1411 1543 1744 1605; x_wconf 84' lang='lat' dir='ltr'>egressum</span> <span class='ocrx_word' id='word_1_110' title='bbox 1760 1523 1810 1603; x_wconf 71' lang='lat'>¹¹,</span> <span class='ocrx_word' id='word_1_111' title='bbox 1841 1529 2096 1586; x_wconf 89' lang='lat' dir='ltr'>tenuem</span> <span class='ocrx_word' id='word_1_112' title='bbox 2127 1521 2426 1605; x_wconf 90' lang='lat' dir='ltr'>rivulum,</span> 
     </span>
     <span class='ocr_line' id='line_1_14' title="bbox 172 1603 2426 1690; baseline 0.001 -24"><span class='ocrx_word' id='word_1_113' title='bbox 172 1604 289 1688; x_wconf 89' lang='lat' dir='ltr'>qui</span> <span class='ocrx_word' id='word_1_114' title='bbox 334 1604 633 1688; x_wconf 89' lang='lat' dir='ltr'>propterl</span> <span class='ocrx_word' id='word_1_115' title='bbox 680 1603 1092 1686; x_wconf 87' lang='lat' dir='ltr'>discurrebat,</span> <span class='ocrx_word' id='word_1_116' title='bbox 1136 1615 1207 1668; x_wconf 90' lang='lat' dir='ltr'>ut</span> <span class='ocrx_word' id='word_1_117' title='bbox 1242 1605 1512 1669; x_wconf 84' lang='lat' dir='ltr'>transire</span> <span class='ocrx_word' id='word_1_118' title='bbox 1551 1605 1818 1690; x_wconf 79' lang='lat' dir='ltr'>possitm,</span> <span class='ocrx_word' id='word_1_119' title='bbox 1861 1615 1996 1670; x_wconf 88' lang='lat' dir='ltr'>sata</span> <span class='ocrx_word' id='word_1_120' title='bbox 2047 1629 2151 1672; x_wconf 91' lang='lat' dir='ltr'>ere</span> <span class='ocrx_word' id='word_1_121' title='bbox 2181 1607 2426 1690; x_wconf 85' lang='lat' dir='ltr'>coepit.</span> 
     </span>
     <span class='ocr_line' id='line_1_15' title="bbox 171 1629 2425 1775; baseline 0.001 -25"><span class='ocrx_word' id='word_1_122' title='bbox 171 1689 362 1750; x_wconf 88' lang='lat' dir='ltr'>Tunc</span> <span class='ocrx_word' id='word_1_123' title='bbox 428 1686 634 1751; x_wconf 90' lang='lat' dir='ltr'>isdem</span> <span class='ocrx_word' id='word_1_124' title='bbox 707 1687 776 1750; x_wconf 92' lang='lat' dir='ltr'>in</span> <span class='ocrx_word' id='word_1_125' title='bbox 853 1689 1033 1751; x_wconf 89' lang='lat' dir='ltr'>cuius</span> <span class='ocrx_word' id='word_1_126' title='bbox 1098 1690 1344 1772; x_wconf 86' lang='lat' dir='ltr'>gremio</span> <span class='ocrx_word' id='word_1_127' title='bbox 1425 1688 1796 1775; x_wconf 84' lang='lat' dir='ltr'>quiescebat</span> <span class='ocrx_word' id='word_1_128' title='bbox 1869 1629 2162 1773; x_wconf 52' lang='lat' dir='ltr'>spatffiam</span> <span class='ocrx_word' id='word_1_129' title='bbox 2243 1711 2425 1754; x_wconf 87' lang='lat' dir='ltr'>suam</span> 
     </span>
     <span class='ocr_line' id='line_1_16' title="bbox 166 1771 2432 1861; baseline 0.001 -27"><span class='ocrx_word' id='word_1_130' title='bbox 166 1772 466 1856; x_wconf 44' lang='lat' dir='ltr'>vaginas.</span> <span class='ocrx_word' id='word_1_131' title='bbox 528 1781 895 1857; x_wconf 86' lang='lat' dir='ltr'>exemptam</span> <span class='ocrx_word' id='word_1_132' title='bbox 962 1794 1155 1856; x_wconf 89' lang='lat' dir='ltr'>super</span> <span class='ocrx_word' id='word_1_133' title='bbox 1224 1773 1498 1836; x_wconf 90' lang='lat' dir='ltr'>eundem</span> <span class='ocrx_word' id='word_1_134' title='bbox 1569 1771 1847 1838; x_wconf 80' lang='lat' dir='ltr'>rivulum</span> <span class='ocrx_word' id='word_1_135' title='bbox 1911 1776 2161 1860; x_wconf 83' lang='lat' dir='ltr'>posuit3</span> <span class='ocrx_word' id='word_1_136' title='bbox 2235 1796 2432 1861; x_wconf 85' lang='lat' dir='ltr'>super</span> 
     </span>
     <span class='ocr_line' id='line_1_17' title="bbox 169 1853 2428 1943; baseline 0.001 -24"><span class='ocrx_word' id='word_1_137' title='bbox 169 1877 373 1942; x_wconf 89' lang='lat' dir='ltr'>quam</span> <span class='ocrx_word' id='word_1_138' title='bbox 416 1853 603 1918; x_wconf 78' lang='lat' dir='ltr'>illudo</span> <span class='ocrx_word' id='word_1_139' title='bbox 646 1855 891 1941; x_wconf 85' lang='lat' dir='ltr'>reptile,</span> <span class='ocrx_word' id='word_1_140' title='bbox 923 1855 1004 1920; x_wconf 90' lang='lat' dir='ltr'>de</span> <span class='ocrx_word' id='word_1_141' title='bbox 1038 1869 1205 1941; x_wconf 76' lang='lat' dir='ltr'>quol&#39;</span> <span class='ocrx_word' id='word_1_142' title='bbox 1237 1856 1542 1938; x_wconf 77' lang='lat' dir='ltr'>diximuS,</span> <span class='ocrx_word' id='word_1_143' title='bbox 1583 1857 1668 1920; x_wconf 90' lang='lat' dir='ltr'>ad</span> <span class='ocrx_word' id='word_1_144' title='bbox 1697 1867 1946 1943; x_wconf 89' lang='lat' dir='ltr'>partem</span> <span class='ocrx_word' id='word_1_145' title='bbox 1989 1857 2183 1921; x_wconf 90' lang='lat' dir='ltr'>aliam</span> <span class='ocrx_word' id='word_1_146' title='bbox 2225 1868 2428 1922; x_wconf 88' lang='lat' dir='ltr'>trans-</span> 
     </span>
     <span class='ocr_line' id='line_1_18' title="bbox 168 1939 2426 2028; baseline 0.001 -26"><span class='ocrx_word' id='word_1_147' title='bbox 168 1939 437 2004; x_wconf 87' lang='lat' dir='ltr'>meavit.</span> <span class='ocrx_word' id='word_1_148' title='bbox 526 1939 720 2019; x_wconf 76' lang='lat' dir='ltr'>Quod</span> <span class='ocrx_word' id='word_1_149' title='bbox 764 1961 909 2003; x_wconf 89' lang='lat' dir='ltr'>cum</span> <span class='ocrx_word' id='word_1_150' title='bbox 952 1963 1083 2005; x_wconf 91' lang='lat' dir='ltr'>non</span> <span class='ocrx_word' id='word_1_151' title='bbox 1124 1939 1315 2025; x_wconf 85' lang='lat' dir='ltr'>longe</span> <span class='ocrx_word' id='word_1_152' title='bbox 1360 1941 1594 2006; x_wconf 83' lang='lat' dir='ltr'>exinde</span> <span class='ocrx_word' id='word_1_153' title='bbox 1637 1942 1706 2004; x_wconf 91' lang='lat' dir='ltr'>in</span> <span class='ocrx_word' id='word_1_154' title='bbox 1739 1941 2094 2028; x_wconf 71' lang='lat' dir='ltr'>quoddamq</span> <span class='ocrx_word' id='word_1_155' title='bbox 2138 1943 2426 2006; x_wconf 89' lang='lat' dir='ltr'>foramen</span> 
     </span>
     <span class='ocr_line' id='line_1_19' title="bbox 166 2023 2426 2112; baseline 0.001 -25"><span class='ocrx_word' id='word_1_156' title='bbox 166 2024 413 2089; x_wconf 86' lang='lat' dir='ltr'>montis</span> <span class='ocrx_word' id='word_1_157' title='bbox 456 2023 855 2107; x_wconf 73' lang='lat' dir='ltr'>ingressumr</span> <span class='ocrx_word' id='word_1_158' title='bbox 916 2024 1194 2105; x_wconf 72' lang='lat' dir='ltr'>fuisset,¹</span> <span class='ocrx_word' id='word_1_159' title='bbox 1216 2035 1281 2089; x_wconf 92' lang='lat' dir='ltr'>et</span> <span class='ocrx_word' id='word_1_160' title='bbox 1320 2033 1468 2110; x_wconf 88' lang='lat' dir='ltr'>post</span> <span class='ocrx_word' id='word_1_161' title='bbox 1511 2024 1910 2110; x_wconf 88' lang='lat' dir='ltr'>aliquantum</span> <span class='ocrx_word' id='word_1_162' title='bbox 1959 2027 2148 2112; x_wconf 86' lang='lat' dir='ltr'>spatii</span> <span class='ocrx_word' id='word_1_163' title='bbox 2183 2048 2426 2112; x_wconf 82' lang='lat' dir='ltr'>regres-</span> 
     </span>
     <span class='ocr_line' id='line_1_20' title="bbox 174 2107 2424 2194; baseline 0.002 -23"><span class='ocrx_word' id='word_1_164' title='bbox 174 2120 366 2171; x_wconf 60' lang='lat' dir='ltr'>sum?</span> <span class='ocrx_word' id='word_1_165' title='bbox 396 2130 589 2192; x_wconf 88' lang='lat' dir='ltr'>super</span> <span class='ocrx_word' id='word_1_166' title='bbox 619 2107 889 2172; x_wconf 88' lang='lat' dir='ltr'>eandem</span> <span class='ocrx_word' id='word_1_167' title='bbox 920 2109 1217 2194; x_wconf 89' lang='lat' dir='ltr'>spatham</span> <span class='ocrx_word' id='word_1_168' title='bbox 1247 2108 1606 2194; x_wconf 88' lang='lat' dir='ltr'>praefatum</span> <span class='ocrx_word' id='word_1_169' title='bbox 1645 2108 1926 2172; x_wconf 90' lang='lat' dir='ltr'>rivulum</span> <span class='ocrx_word' id='word_1_170' title='bbox 1955 2119 2424 2193; x_wconf 85' lang='lat' dir='ltr'>transmeasset,</span> 
     </span>
     <span class='ocr_line' id='line_1_21' title="bbox 168 2190 2424 2277; baseline 0 -21"><span class='ocrx_word' id='word_1_171' title='bbox 168 2214 435 2257; x_wconf 87' lang='lat' dir='ltr'>rursum</span> <span class='ocrx_word' id='word_1_172' title='bbox 483 2197 507 2218; x_wconf 92' lang='lat'><strong>*</strong></span> <span class='ocrx_word' id='word_1_173' title='bbox 520 2191 588 2255; x_wconf 88' lang='lat' dir='ltr'>in</span> <span class='ocrx_word' id='word_1_174' title='bbox 631 2213 702 2255; x_wconf 85' lang='lat' dir='ltr'>os</span> <span class='ocrx_word' id='word_1_175' title='bbox 733 2190 1163 2256; x_wconf 80' lang='lat' dir='ltr'>Gunthramni</span> <span class='ocrx_word' id='word_1_176' title='bbox 1180 2204 1223 2275; x_wconf 77' lang='lat'>⁸,</span> <span class='ocrx_word' id='word_1_177' title='bbox 1269 2193 1347 2256; x_wconf 90' lang='lat' dir='ltr'>de</span> <span class='ocrx_word' id='word_1_178' title='bbox 1380 2214 1508 2277; x_wconf 89' lang='lat' dir='ltr'>quo</span> <span class='ocrx_word' id='word_1_179' title='bbox 1545 2194 1808 2273; x_wconf 84' lang='lat' dir='ltr'>exierat,</span> <span class='ocrx_word' id='word_1_180' title='bbox 1854 2193 2156 2257; x_wconf 90' lang='lat' dir='ltr'>introivit.</span> <span class='ocrx_word' id='word_1_181' title='bbox 2246 2193 2424 2258; x_wconf 75' lang='lat' dir='ltr'>Grun-</span> 
     </span>
     <span class='ocr_line' id='line_1_22' title="bbox 170 2275 2426 2362; baseline 0 -21"><span class='ocrx_word' id='word_1_182' title='bbox 170 2277 510 2341; x_wconf 89' lang='lat' dir='ltr'>thramnus</span> <span class='ocrx_word' id='word_1_183' title='bbox 568 2285 717 2361; x_wconf 88' lang='lat' dir='ltr'>post</span> <span class='ocrx_word' id='word_1_184' title='bbox 758 2275 917 2340; x_wconf 88' lang='lat' dir='ltr'>haec</span> <span class='ocrx_word' id='word_1_185' title='bbox 961 2275 1041 2340; x_wconf 92' lang='lat' dir='ltr'>de</span> <span class='ocrx_word' id='word_1_186' title='bbox 1085 2298 1309 2341; x_wconf 89' lang='lat' dir='ltr'>somno</span> <span class='ocrx_word' id='word_1_187' title='bbox 1363 2275 1871 2362; x_wconf 86' lang='lat' dir='ltr'>expergefactus,</span> <span class='ocrx_word' id='word_1_188' title='bbox 1928 2276 2301 2340; x_wconf 83' lang='lat' dir='ltr'>mirificamt</span> <span class='ocrx_word' id='word_1_189' title='bbox 2356 2300 2426 2342; x_wconf 87' lang='lat' dir='ltr'>se</span> 
     </span>
     <span class='ocr_line' id='line_1_23' title="bbox 166 2359 2426 2445; baseline 0 -20"><span class='ocrx_word' id='word_1_190' title='bbox 166 2361 489 2425; x_wconf 88' lang='lat' dir='ltr'>visionem</span> <span class='ocrx_word' id='word_1_191' title='bbox 542 2359 783 2424; x_wconf 86' lang='lat' dir='ltr'>vidisse</span> <span class='ocrx_word' id='word_1_192' title='bbox 837 2361 1135 2424; x_wconf 87' lang='lat' dir='ltr'>narravit.</span> <span class='ocrx_word' id='word_1_193' title='bbox 1221 2359 1463 2424; x_wconf 83' lang='lat' dir='ltr'>Retulit</span> <span class='ocrx_word' id='word_1_194' title='bbox 1521 2361 1724 2442; x_wconf 90' lang='lat' dir='ltr'>enim,</span> <span class='ocrx_word' id='word_1_195' title='bbox 1789 2361 2120 2445; x_wconf 84' lang='lat' dir='ltr'>paruisseu</span> <span class='ocrx_word' id='word_1_196' title='bbox 2179 2361 2303 2426; x_wconf 88' lang='lat' dir='ltr'>sibi</span> <span class='ocrx_word' id='word_1_197' title='bbox 2355 2362 2426 2426; x_wconf 88' lang='lat' dir='ltr'>iu</span> 
     </span>
     <span class='ocr_line' id='line_1_24' title="bbox 168 2442 2429 2531; baseline 0.001 -23"><span class='ocrx_word' id='word_1_198' title='bbox 168 2446 442 2527; x_wconf 77' lang='lat' dir='ltr'>somniS,</span> <span class='ocrx_word' id='word_1_199' title='bbox 475 2443 647 2530; x_wconf 91' lang='lat' dir='ltr'>quod</span> <span class='ocrx_word' id='word_1_200' title='bbox 670 2442 935 2508; x_wconf 90' lang='lat' dir='ltr'>fluvium</span> <span class='ocrx_word' id='word_1_201' title='bbox 968 2443 1288 2531; x_wconf 91' lang='lat' dir='ltr'>quendam</span> <span class='ocrx_word' id='word_1_202' title='bbox 1308 2457 1471 2528; x_wconf 67' lang='lat' dir='ltr'>perv</span> <span class='ocrx_word' id='word_1_203' title='bbox 1502 2454 1763 2531; x_wconf 90' lang='lat' dir='ltr'>pontem</span> <span class='ocrx_word' id='word_1_204' title='bbox 1792 2446 2068 2508; x_wconf 87' lang='lat' dir='ltr'>ferreum</span> <span class='ocrx_word' id='word_1_205' title='bbox 2099 2446 2429 2511; x_wconf 85' lang='lat' dir='ltr'>transisset</span> 
     </span>
     <span class='ocr_line' id='line_1_25' title="bbox 167 2527 2428 2613; baseline -0 -19"><span class='ocrx_word' id='word_1_206' title='bbox 167 2540 234 2594; x_wconf 90' lang='lat' dir='ltr'>et</span> <span class='ocrx_word' id='word_1_207' title='bbox 266 2528 391 2593; x_wconf 87' lang='lat' dir='ltr'>sub</span> <span class='ocrx_word' id='word_1_208' title='bbox 421 2537 705 2592; x_wconf 91' lang='lat' dir='ltr'>montem</span> <span class='ocrx_word' id='word_1_209' title='bbox 737 2527 1105 2613; x_wconf 79' lang='lat' dir='ltr'>quoddamw</span> <span class='ocrx_word' id='word_1_210' title='bbox 1134 2529 1479 2611; x_wconf 86' lang='lat' dir='ltr'>introisset,</span> <span class='ocrx_word' id='word_1_211' title='bbox 1523 2528 1637 2592; x_wconf 92' lang='lat' dir='ltr'>ubi</span> <span class='ocrx_word' id='word_1_212' title='bbox 1680 2527 1947 2593; x_wconf 84' lang='lat' dir='ltr'>multos¹</span> <span class='ocrx_word' id='word_1_213' title='bbox 1989 2530 2132 2592; x_wconf 89' lang='lat' dir='ltr'>auri</span> <span class='ocrx_word' id='word_1_214' title='bbox 2171 2529 2428 2613; x_wconf 90' lang='lat' dir='ltr'>pondus</span> 
     </span>
     <span class='ocr_line' id='line_1_26' title="bbox 166 2611 2428 2699; baseline -0 -21"><span class='ocrx_word' id='word_1_215' title='bbox 166 2613 551 2699; x_wconf 81' lang='lat' dir='ltr'>aspexisset.</span> <span class='ocrx_word' id='word_1_216' title='bbox 646 2611 713 2676; x_wconf 90' lang='lat' dir='ltr'>Is</span> <span class='ocrx_word' id='word_1_217' title='bbox 732 2625 763 2666; x_wconf 71' lang='lat' dir='ltr'><strong><em>Y</em></strong></span> <span class='ocrx_word' id='word_1_218' title='bbox 806 2634 960 2676; x_wconf 92' lang='lat' dir='ltr'>vero</span> <span class='ocrx_word' id='word_1_219' title='bbox 980 2625 1003 2655; x_wconf 67' lang='grc' dir='ltr'><strong>Ζ</strong></span> <span class='ocrx_word' id='word_1_220' title='bbox 1049 2614 1114 2676; x_wconf 89' lang='lat' dir='ltr'>in</span> <span class='ocrx_word' id='word_1_221' title='bbox 1160 2613 1343 2676; x_wconf 81' lang='lat' dir='ltr'>cuius</span> <span class='ocrx_word' id='word_1_222' title='bbox 1380 2613 1627 2696; x_wconf 85' lang='lat' dir='ltr'>gremio</span> <span class='ocrx_word' id='word_1_223' title='bbox 1673 2623 1872 2698; x_wconf 91' lang='lat' dir='ltr'>caput</span> <span class='ocrx_word' id='word_1_224' title='bbox 1913 2623 2221 2695; x_wconf 85' lang='lat' dir='ltr'>tenuerat,</span> <span class='ocrx_word' id='word_1_225' title='bbox 2279 2635 2428 2677; x_wconf 89' lang='lat' dir='ltr'>cum</span> 
     </span>
     <span class='ocr_line' id='line_1_27' title="bbox 167 2695 2429 2782; baseline 0 -20"><span class='ocrx_word' id='word_1_226' title='bbox 167 2698 536 2775; x_wconf 88' lang='lat' dir='ltr'>dormisset,</span> <span class='ocrx_word' id='word_1_227' title='bbox 583 2695 739 2781; x_wconf 89' lang='lat' dir='ltr'>quid</span> <span class='ocrx_word' id='word_1_228' title='bbox 784 2695 863 2760; x_wconf 90' lang='lat' dir='ltr'>de</span> <span class='ocrx_word' id='word_1_229' title='bbox 908 2719 983 2761; x_wconf 94' lang='lat' dir='ltr'>eo</span> <span class='ocrx_word' id='word_1_230' title='bbox 1026 2696 1296 2778; x_wconf 87' lang='lat' dir='ltr'>viderat,</span> <span class='ocrx_word' id='word_1_231' title='bbox 1340 2697 1401 2760; x_wconf 91' lang='lat' dir='ltr'>ei</span> <span class='ocrx_word' id='word_1_232' title='bbox 1443 2720 1560 2782; x_wconf 92' lang='lat' dir='ltr'>per</span> <span class='ocrx_word' id='word_1_233' title='bbox 1603 2696 1893 2760; x_wconf 90' lang='lat' dir='ltr'>ordinem</span> <span class='ocrx_word' id='word_1_234' title='bbox 1935 2695 2166 2760; x_wconf 85' lang='lat' dir='ltr'>retulit.</span> <span class='ocrx_word' id='word_1_235' title='bbox 2255 2696 2429 2778; x_wconf 77' lang='lat' dir='ltr'>Quid</span> 
     </span>
     <span class='ocr_line' id='line_1_28' title="bbox 167 2779 2427 2868; baseline 0 -24"><span class='ocrx_word' id='word_1_236' title='bbox 167 2780 401 2868; x_wconf 84' lang='lat' dir='ltr'>plura‘?</span> <span class='ocrx_word' id='word_1_237' title='bbox 485 2779 777 2844; x_wconf 86' lang='lat' dir='ltr'>Effossus</span> <span class='ocrx_word' id='word_1_238' title='bbox 833 2789 961 2845; x_wconf 84' lang='lat' dir='ltr'>estz</span> <span class='ocrx_word' id='word_1_239' title='bbox 1020 2779 1201 2844; x_wconf 90' lang='lat' dir='ltr'>locus</span> <span class='ocrx_word' id='word_1_240' title='bbox 1251 2779 1390 2863; x_wconf 90' lang='lat' dir='ltr'>ille,</span> <span class='ocrx_word' id='word_1_241' title='bbox 1446 2791 1511 2846; x_wconf 91' lang='lat' dir='ltr'>et</span> <span class='ocrx_word' id='word_1_242' title='bbox 1567 2779 2064 2846; x_wconf 87' lang='lat' dir='ltr'>inaestimabiles</span> <span class='ocrx_word' id='word_1_243' title='bbox 2121 2781 2427 2865; x_wconf 85' lang='lat' dir='ltr'>thesauri,</span> 
     </span>
    </p>
   </div>
   <div class='ocr_carea' id='block_1_5' title="bbox 170 2924 2428 2977">
    <p class='ocr_par' dir='ltr' id='par_1_5' title="bbox 170 2924 2428 2977">
     <span class='ocr_line' id='line_1_29' title="bbox 170 2924 2428 2977; baseline 0 -12"><span class='ocrx_word' id='word_1_244' title='bbox 170 2925 216 2977; x_wconf 85' lang='lat' dir='ltr'>a)</span> <span class='ocrx_word' id='word_1_245' title='bbox 252 2927 360 2966; x_wconf 79' lang='lat' dir='ltr'>eius</span> <span class='ocrx_word' id='word_1_246' title='bbox 396 2924 496 2968; x_wconf 90' lang='lat' dir='ltr'>G5.</span> <span class='ocrx_word' id='word_1_247' title='bbox 527 2925 572 2965; x_wconf 85' lang='grc' dir='ltr'><strong>Η</strong></span> <span class='ocrx_word' id='word_1_248' title='bbox 605 2927 647 2967; x_wconf 93' lang='grc'>1.</span> <span class='ocrx_word' id='word_1_249' title='bbox 679 2924 703 2963; x_wconf 93' lang='lat'>1</span> <span class='ocrx_word' id='word_1_250' title='bbox 736 2926 777 2965; x_wconf 90' lang='lat'>1.</span> <span class='ocrx_word' id='word_1_251' title='bbox 899 2924 946 2976; x_wconf 91' lang='lat' dir='ltr'>b)</span> <span class='ocrx_word' id='word_1_252' title='bbox 978 2926 1042 2964; x_wconf 75' lang='lat' dir='ltr'>ita</span> <span class='ocrx_word' id='word_1_253' title='bbox 1066 2937 1155 2975; x_wconf 76' lang='lat' dir='ltr'>pro</span> <span class='ocrx_word' id='word_1_254' title='bbox 1186 2930 1349 2966; x_wconf 88' lang='lat' dir='ltr'>nutum</span> <span class='ocrx_word' id='word_1_255' title='bbox 1379 2925 1479 2968; x_wconf 90' lang='lat' dir='ltr'>Al.</span> <span class='ocrx_word' id='word_1_256' title='bbox 1513 2924 1576 2966; x_wconf 84' lang='grc'>’2.</span> <span class='ocrx_word' id='word_1_257' title='bbox 1610 2927 1654 2967; x_wconf 88' lang='grc'>2.</span> <span class='ocrx_word' id='word_1_258' title='bbox 1687 2927 1728 2966; x_wconf 87' lang='lat'>4.</span> <span class='ocrx_word' id='word_1_259' title='bbox 1761 2926 1802 2966; x_wconf 88' lang='lat'>5.</span> <span class='ocrx_word' id='word_1_260' title='bbox 1831 2927 1871 2966; x_wconf 89' lang='lat' dir='ltr'>B</span> <span class='ocrx_word' id='word_1_261' title='bbox 1894 2927 1936 2968; x_wconf 86' lang='lat'>3.</span> <span class='ocrx_word' id='word_1_262' title='bbox 1965 2928 2007 2966; x_wconf 92' lang='lat' dir='ltr'>D</span> <span class='ocrx_word' id='word_1_263' title='bbox 2029 2930 2068 2968; x_wconf 93' lang='lat'>1.</span> <span class='ocrx_word' id='word_1_264' title='bbox 2099 2928 2193 2966; x_wconf 87' lang='lat' dir='ltr'>Fl.</span> <span class='ocrx_word' id='word_1_265' title='bbox 2228 2926 2269 2966; x_wconf 99' lang='lat' dir='ltr'>G</span> <span class='ocrx_word' id='word_1_266' title='bbox 2290 2928 2428 2976; x_wconf 85' lang='grc'><strong>1-43</strong></span> 
     </span>
    </p>
   </div>
   <div class='ocr_carea' id='block_1_6' title="bbox 164 2984 2428 3152">
    <p class='ocr_par' dir='ltr' id='par_1_6' title="bbox 164 2984 2428 3152">
     <span class='ocr_line' id='line_1_30' title="bbox 170 2984 2427 3036; baseline 0 -11"><span class='ocrx_word' id='word_1_267' title='bbox 170 2987 273 3025; x_wconf 82' lang='lat' dir='ltr'>noti</span> <span class='ocrx_word' id='word_1_268' title='bbox 323 2986 364 3024; x_wconf 89' lang='grc' dir='ltr'><strong>Β</strong></span> <span class='ocrx_word' id='word_1_269' title='bbox 401 2986 454 3034; x_wconf 86' lang='grc'>23</span> <span class='ocrx_word' id='word_1_270' title='bbox 518 2987 632 3024; x_wconf 86' lang='lat' dir='ltr'>nutu</span> <span class='ocrx_word' id='word_1_271' title='bbox 677 2984 715 3024; x_wconf 77' lang='lat' dir='ltr'><strong>E</strong></span> <span class='ocrx_word' id='word_1_272' title='bbox 751 2985 801 3033; x_wconf 85' lang='grc'>13</span> <span class='ocrx_word' id='word_1_273' title='bbox 865 2988 1024 3024; x_wconf 84' lang='lat' dir='ltr'>natum</span> <span class='ocrx_word' id='word_1_274' title='bbox 1073 2984 1114 3024; x_wconf 97' lang='lat' dir='ltr'><strong>G</strong></span> <span class='ocrx_word' id='word_1_275' title='bbox 1144 2985 1216 3027; x_wconf 83' lang='lat' dir='ltr'>5a.</span> <span class='ocrx_word' id='word_1_276' title='bbox 1398 2984 1440 3036; x_wconf 91' lang='lat' dir='ltr'>c)</span> <span class='ocrx_word' id='word_1_277' title='bbox 1474 2986 1586 3025; x_wconf 75' lang='lat' dir='ltr'>deest</span> <span class='ocrx_word' id='word_1_278' title='bbox 1632 2986 1674 3024; x_wconf 92' lang='lat' dir='ltr'>D</span> <span class='ocrx_word' id='word_1_279' title='bbox 1711 2987 1750 3025; x_wconf 90' lang='grc'>2.</span> <span class='ocrx_word' id='word_1_280' title='bbox 1784 2985 1826 3026; x_wconf 85' lang='grc'>3.</span> <span class='ocrx_word' id='word_1_281' title='bbox 2007 2985 2054 3036; x_wconf 88' lang='lat' dir='ltr'>d)</span> <span class='ocrx_word' id='word_1_282' title='bbox 2087 2986 2204 3026; x_wconf 80' lang='lat' dir='ltr'>licet</span> <span class='ocrx_word' id='word_1_283' title='bbox 2233 2989 2280 3026; x_wconf 84' lang='lat' dir='ltr'>et</span> <span class='ocrx_word' id='word_1_284' title='bbox 2310 2986 2351 3025; x_wconf 90' lang='lat' dir='ltr'>A</span> <span class='ocrx_word' id='word_1_285' title='bbox 2384 2987 2427 3026; x_wconf 96' lang='lat'>3.</span> 
     </span>
     <span class='ocr_line' id='line_1_31' title="bbox 171 3041 2428 3096; baseline -0.001 -11"><span class='ocrx_word' id='word_1_286' title='bbox 171 3043 215 3094; x_wconf 90' lang='lat' dir='ltr'>e)</span> <span class='ocrx_word' id='word_1_287' title='bbox 267 3043 584 3096; x_wconf 81' lang='lat' dir='ltr'>hi(y)st0riam</span> <span class='ocrx_word' id='word_1_288' title='bbox 630 3042 671 3082; x_wconf 89' lang='lat' dir='ltr'>A</span> <span class='ocrx_word' id='word_1_289' title='bbox 706 3043 747 3085; x_wconf 89' lang='lat'>3.</span> <span class='ocrx_word' id='word_1_290' title='bbox 797 3041 839 3082; x_wconf 88' lang='lat' dir='ltr'><strong>G</strong></span> <span class='ocrx_word' id='word_1_291' title='bbox 869 3042 923 3092; x_wconf 87' lang='grc'>43</span> <span class='ocrx_word' id='word_1_292' title='bbox 979 3044 1183 3084; x_wconf 85' lang='lat' dir='ltr'>historiae</span> <span class='ocrx_word' id='word_1_293' title='bbox 1231 3044 1266 3084; x_wconf 84' lang='lat' dir='ltr'>G</span> <span class='ocrx_word' id='word_1_294' title='bbox 1302 3047 1342 3085; x_wconf 89' lang='lat'>1.</span> <span class='ocrx_word' id='word_1_295' title='bbox 1377 3045 1430 3093; x_wconf 84' lang='grc'>23</span> <span class='ocrx_word' id='word_1_296' title='bbox 1474 3045 1526 3082; x_wconf 86' lang='lat' dir='ltr'>in</span> <span class='ocrx_word' id='word_1_297' title='bbox 1570 3045 1626 3083; x_wconf 82' lang='lat' dir='ltr'>F.</span> <span class='ocrx_word' id='word_1_298' title='bbox 1677 3043 1874 3083; x_wconf 86' lang='lat' dir='ltr'>historia</span> <span class='ocrx_word' id='word_1_299' title='bbox 1915 3055 1936 3082; x_wconf 81' lang='lat' dir='ltr'>e</span> <span class='ocrx_word' id='word_1_300' title='bbox 1983 3055 2099 3085; x_wconf 81' lang='lat' dir='ltr'>corr.</span> <span class='ocrx_word' id='word_1_301' title='bbox 2148 3045 2190 3083; x_wconf 92' lang='lat' dir='ltr'>D</span> <span class='ocrx_word' id='word_1_302' title='bbox 2226 3046 2266 3082; x_wconf 91' lang='lat'>1.</span> <span class='ocrx_word' id='word_1_303' title='bbox 2312 3045 2350 3083; x_wconf 82' lang='lat' dir='ltr'><strong>F</strong></span> <span class='ocrx_word' id='word_1_304' title='bbox 2386 3046 2428 3096; x_wconf 90' lang='lat'>1,</span> 
     </span>
     <span class='ocr_line' id='line_1_32' title="bbox 164 3099 2424 3152; baseline 0 -11"><span class='ocrx_word' id='word_1_305' title='bbox 164 3109 202 3142; x_wconf 74' lang='lat' dir='ltr'>et</span> <span class='ocrx_word' id='word_1_306' title='bbox 250 3105 318 3142; x_wconf 72' lang='lat' dir='ltr'>ita</span> <span class='ocrx_word' id='word_1_307' title='bbox 365 3104 408 3142; x_wconf 95' lang='lat' dir='ltr'>D</span> <span class='ocrx_word' id='word_1_308' title='bbox 446 3104 488 3142; x_wconf 85' lang='lat'>2.</span> <span class='ocrx_word' id='word_1_309' title='bbox 522 3102 565 3140; x_wconf 83' lang='grc' dir='ltr'>Η</span> <span class='ocrx_word' id='word_1_310' title='bbox 597 3104 639 3142; x_wconf 87' lang='lat'>1.</span> <span class='ocrx_word' id='word_1_311' title='bbox 672 3102 713 3141; x_wconf 86' lang='lat'>3.</span> <span class='ocrx_word' id='word_1_312' title='bbox 865 3099 901 3152; x_wconf 73' lang='lat' dir='ltr'>f)</span> <span class='ocrx_word' id='word_1_313' title='bbox 936 3103 1167 3150; x_wconf 78' lang='lat' dir='ltr'>quoddam</span> <span class='ocrx_word' id='word_1_314' title='bbox 1212 3101 1255 3142; x_wconf 92' lang='lat' dir='ltr'>A</span> <span class='ocrx_word' id='word_1_315' title='bbox 1289 3105 1330 3144; x_wconf 91' lang='lat'>1.</span> <span class='ocrx_word' id='word_1_316' title='bbox 1367 3104 1407 3144; x_wconf 94' lang='grc'>2.</span> <span class='ocrx_word' id='word_1_317' title='bbox 1455 3105 1493 3142; x_wconf 88' lang='grc' dir='ltr'><strong>Β</strong></span> <span class='ocrx_word' id='word_1_318' title='bbox 1530 3103 1570 3142; x_wconf 92' lang='grc'>2.</span> <span class='ocrx_word' id='word_1_319' title='bbox 1622 3102 1659 3140; x_wconf 74' lang='lat' dir='ltr'><strong>F</strong></span> <span class='ocrx_word' id='word_1_320' title='bbox 1693 3104 1733 3142; x_wconf 88' lang='lat'>1.</span> <span class='ocrx_word' id='word_1_321' title='bbox 1783 3102 1822 3143; x_wconf 93' lang='lat' dir='ltr'><strong>G</strong></span> <span class='ocrx_word' id='word_1_322' title='bbox 1858 3104 1907 3151; x_wconf 83' lang='grc'>13</span> <span class='ocrx_word' id='word_1_323' title='bbox 1973 3103 2097 3151; x_wconf 86' lang='lat' dir='ltr'>quod</span> <span class='ocrx_word' id='word_1_324' title='bbox 2145 3101 2185 3142; x_wconf 86' lang='lat' dir='ltr'><strong>G</strong></span> <span class='ocrx_word' id='word_1_325' title='bbox 2219 3102 2269 3151; x_wconf 85' lang='grc'>33</span> <span class='ocrx_word' id='word_1_326' title='bbox 2319 3113 2424 3142; x_wconf 90' lang='lat' dir='ltr'>con·</span> 
     </span>
    </p>
   </div>
   <div class='ocr_carea' id='block_1_7' title="bbox 168 3159 2435 4265">
    <p class='ocr_par' dir='ltr' id='par_1_7' title="bbox 168 3159 2435 4265">
     <span class='ocr_line' id='line_1_33' title="bbox 170 3159 2429 3212; baseline -0 -11"><span class='ocrx_word' id='word_1_327' title='bbox 170 3163 281 3203; x_wconf 86' lang='lat' dir='ltr'>dam</span> <span class='ocrx_word' id='word_1_328' title='bbox 312 3164 353 3202; x_wconf 82' lang='lat' dir='ltr'>E</span> <span class='ocrx_word' id='word_1_329' title='bbox 389 3162 431 3202; x_wconf 88' lang='lat'>1.</span> <span class='ocrx_word' id='word_1_330' title='bbox 569 3161 619 3212; x_wconf 78' lang='lat' dir='ltr'>g)</span> <span class='ocrx_word' id='word_1_331' title='bbox 650 3164 698 3201; x_wconf 86' lang='lat' dir='ltr'>et</span> <span class='ocrx_word' id='word_1_332' title='bbox 726 3162 839 3200; x_wconf 68' lang='lat' dir='ltr'>deest</span> <span class='ocrx_word' id='word_1_333' title='bbox 868 3159 911 3199; x_wconf 88' lang='lat' dir='ltr'>A</span> <span class='ocrx_word' id='word_1_334' title='bbox 944 3161 985 3202; x_wconf 87' lang='grc'>5.</span> <span class='ocrx_word' id='word_1_335' title='bbox 1017 3161 1062 3201; x_wconf 87' lang='lat' dir='ltr'>H</span> <span class='ocrx_word' id='word_1_336' title='bbox 1096 3163 1147 3211; x_wconf 87' lang='grc'>13</span> <span class='ocrx_word' id='word_1_337' title='bbox 1196 3165 1242 3201; x_wconf 86' lang='lat' dir='ltr'>et</span> <span class='ocrx_word' id='word_1_338' title='bbox 1272 3162 1454 3202; x_wconf 84' lang='lat' dir='ltr'>adsolet</span> <span class='ocrx_word' id='word_1_339' title='bbox 1493 3172 1610 3200; x_wconf 78' lang='lat' dir='ltr'>corr.</span> <span class='ocrx_word' id='word_1_340' title='bbox 1643 3163 1688 3200; x_wconf 85' lang='lat' dir='ltr'>et</span> <span class='ocrx_word' id='word_1_341' title='bbox 1717 3164 1769 3200; x_wconf 86' lang='lat' dir='ltr'>ut</span> <span class='ocrx_word' id='word_1_342' title='bbox 1797 3161 1917 3200; x_wconf 84' lang='lat' dir='ltr'>solet</span> <span class='ocrx_word' id='word_1_343' title='bbox 1945 3160 1987 3199; x_wconf 89' lang='lat' dir='ltr'>A</span> <span class='ocrx_word' id='word_1_344' title='bbox 2019 3162 2071 3210; x_wconf 90' lang='grc'>23</span> <span class='ocrx_word' id='word_1_345' title='bbox 2115 3161 2275 3201; x_wconf 87' lang='lat' dir='ltr'>adsole</span> <span class='ocrx_word' id='word_1_346' title='bbox 2306 3161 2344 3199; x_wconf 81' lang='lat' dir='ltr'><strong>F</strong></span> <span class='ocrx_word' id='word_1_347' title='bbox 2378 3162 2429 3211; x_wconf 83' lang='grc'>13</span> 
     </span>
     <span class='ocr_line' id='line_1_34' title="bbox 169 3217 2429 3270; baseline -0.001 -8"><span class='ocrx_word' id='word_1_348' title='bbox 169 3223 297 3262; x_wconf 80' lang='lat' dir='ltr'>solet</span> <span class='ocrx_word' id='word_1_349' title='bbox 328 3220 379 3261; x_wconf 89' lang='lat' dir='ltr'>C.</span> <span class='ocrx_word' id='word_1_350' title='bbox 412 3221 471 3260; x_wconf 88' lang='lat' dir='ltr'>D.</span> <span class='ocrx_word' id='word_1_351' title='bbox 504 3219 561 3260; x_wconf 89' lang='lat' dir='ltr'>G.</span> <span class='ocrx_word' id='word_1_352' title='bbox 595 3220 638 3258; x_wconf 83' lang='grc' dir='ltr'><strong>Η</strong></span> <span class='ocrx_word' id='word_1_353' title='bbox 671 3221 711 3260; x_wconf 91' lang='grc'>1.</span> <span class='ocrx_word' id='word_1_354' title='bbox 743 3220 767 3259; x_wconf 94' lang='lat'>1</span> <span class='ocrx_word' id='word_1_355' title='bbox 802 3221 843 3259; x_wconf 90' lang='lat'>1.</span> <span class='ocrx_word' id='word_1_356' title='bbox 964 3217 1013 3270; x_wconf 87' lang='lat' dir='ltr'>h)</span> <span class='ocrx_word' id='word_1_357' title='bbox 1045 3220 1133 3260; x_wconf 89' lang='lat' dir='ltr'>hac</span> <span class='ocrx_word' id='word_1_358' title='bbox 1164 3221 1275 3259; x_wconf 70' lang='lat' dir='ltr'>deest</span> <span class='ocrx_word' id='word_1_359' title='bbox 1305 3219 1347 3258; x_wconf 89' lang='lat' dir='ltr'>A</span> <span class='ocrx_word' id='word_1_360' title='bbox 1380 3221 1432 3269; x_wconf 82' lang='grc'>33</span> <span class='ocrx_word' id='word_1_361' title='bbox 1464 3220 1644 3268; x_wconf 84' lang='lat' dir='ltr'>illaque</span> <span class='ocrx_word' id='word_1_362' title='bbox 1677 3218 1784 3268; x_wconf 78' lang='lat' dir='ltr'>G33</span> <span class='ocrx_word' id='word_1_363' title='bbox 1817 3220 1930 3259; x_wconf 85' lang='lat' dir='ltr'>illac</span> <span class='ocrx_word' id='word_1_364' title='bbox 1959 3219 2070 3269; x_wconf 77' lang='lat' dir='ltr'>D23</span> <span class='ocrx_word' id='word_1_365' title='bbox 2101 3220 2190 3258; x_wconf 89' lang='lat' dir='ltr'>huc</span> <span class='ocrx_word' id='word_1_366' title='bbox 2220 3219 2429 3269; x_wconf 85' lang='lat' dir='ltr'>illucque</span> 
     </span>
     <span class='ocr_line' id='line_1_35' title="bbox 168 3277 2432 3328; baseline -0.001 -8"><span class='ocrx_word' id='word_1_367' title='bbox 168 3281 213 3320; x_wconf 97' lang='lat' dir='ltr'>A</span> <span class='ocrx_word' id='word_1_368' title='bbox 246 3278 311 3322; x_wconf 83' lang='lat'>⁸3.</span> <span class='ocrx_word' id='word_1_369' title='bbox 341 3282 383 3320; x_wconf 90' lang='lat' dir='ltr'>B</span> <span class='ocrx_word' id='word_1_370' title='bbox 416 3279 459 3320; x_wconf 88' lang='lat'>3.</span> <span class='ocrx_word' id='word_1_371' title='bbox 494 3278 534 3319; x_wconf 87' lang='lat' dir='ltr'><strong>G</strong></span> <span class='ocrx_word' id='word_1_372' title='bbox 568 3281 609 3318; x_wconf 91' lang='grc'>2.</span> <span class='ocrx_word' id='word_1_373' title='bbox 643 3279 687 3319; x_wconf 93' lang='grc'>5.</span> <span class='ocrx_word' id='word_1_374' title='bbox 822 3279 858 3321; x_wconf 76' lang='grc' dir='ltr'>ἰ)</span> <span class='ocrx_word' id='word_1_375' title='bbox 890 3281 1047 3318; x_wconf 85' lang='lat' dir='ltr'>tamen</span> <span class='ocrx_word' id='word_1_376' title='bbox 1078 3277 1120 3318; x_wconf 98' lang='lat' dir='ltr'>A</span> <span class='ocrx_word' id='word_1_377' title='bbox 1153 3281 1194 3318; x_wconf 93' lang='lat'>1.</span> <span class='ocrx_word' id='word_1_378' title='bbox 1230 3280 1272 3320; x_wconf 96' lang='grc'>2.</span> <span class='ocrx_word' id='word_1_379' title='bbox 1306 3279 1347 3320; x_wconf 89' lang='lat'>3.</span> <span class='ocrx_word' id='word_1_380' title='bbox 1380 3280 1419 3318; x_wconf 88' lang='lat' dir='ltr'>B</span> <span class='ocrx_word' id='word_1_381' title='bbox 1456 3280 1495 3319; x_wconf 91' lang='grc'>2.</span> <span class='ocrx_word' id='word_1_382' title='bbox 1529 3280 1582 3319; x_wconf 81' lang='lat' dir='ltr'>F.</span> <span class='ocrx_word' id='word_1_383' title='bbox 1617 3277 1672 3328; x_wconf 87' lang='lat' dir='ltr'>G,</span> <span class='ocrx_word' id='word_1_384' title='bbox 1718 3290 1833 3319; x_wconf 84' lang='lat' dir='ltr'>corr.</span> <span class='ocrx_word' id='word_1_385' title='bbox 1882 3281 2060 3318; x_wconf 82' lang='lat' dir='ltr'>tantum</span> <span class='ocrx_word' id='word_1_386' title='bbox 2106 3278 2143 3316; x_wconf 75' lang='lat' dir='ltr'><strong>F</strong></span> <span class='ocrx_word' id='word_1_387' title='bbox 2175 3279 2226 3327; x_wconf 88' lang='grc'>13</span> <span class='ocrx_word' id='word_1_388' title='bbox 2258 3281 2290 3317; x_wconf 86' lang='lat' dir='ltr'>t.</span> <span class='ocrx_word' id='word_1_389' title='bbox 2324 3289 2359 3317; x_wconf 89' lang='lat' dir='ltr'>s.</span> <span class='ocrx_word' id='word_1_390' title='bbox 2393 3289 2432 3323; x_wconf 77' lang='lat' dir='ltr'>r.</span> 
     </span>
     <span class='ocr_line' id='line_1_36' title="bbox 170 3332 2429 3390; baseline -0.001 -10"><span class='ocrx_word' id='word_1_391' title='bbox 170 3353 215 3390; x_wconf 75' lang='lat' dir='ltr'>g.</span> <span class='ocrx_word' id='word_1_392' title='bbox 246 3340 336 3380; x_wconf 73' lang='lat' dir='ltr'>dee.</span> <span class='ocrx_word' id='word_1_393' title='bbox 368 3340 407 3378; x_wconf 83' lang='lat' dir='ltr'>E</span> <span class='ocrx_word' id='word_1_394' title='bbox 443 3339 484 3378; x_wconf 91' lang='lat'>1.</span> <span class='ocrx_word' id='word_1_395' title='bbox 634 3336 684 3388; x_wconf 84' lang='lat' dir='ltr'>k)</span> <span class='ocrx_word' id='word_1_396' title='bbox 719 3347 933 3386; x_wconf 75' lang='lat' dir='ltr'>egressus</span> <span class='ocrx_word' id='word_1_397' title='bbox 977 3337 1015 3377; x_wconf 70' lang='lat' dir='ltr'><strong>F</strong></span> <span class='ocrx_word' id='word_1_398' title='bbox 1049 3340 1089 3378; x_wconf 90' lang='lat'>1.</span> <span class='ocrx_word' id='word_1_399' title='bbox 1124 3339 1161 3377; x_wconf 92' lang='grc'>2.</span> <span class='ocrx_word' id='word_1_400' title='bbox 1196 3336 1237 3377; x_wconf 91' lang='lat' dir='ltr'><strong>G</strong></span> <span class='ocrx_word' id='word_1_401' title='bbox 1269 3339 1311 3379; x_wconf 91' lang='lat'>1.</span> <span class='ocrx_word' id='word_1_402' title='bbox 1346 3338 1388 3379; x_wconf 85' lang='lat'>3.</span> <span class='ocrx_word' id='word_1_403' title='bbox 1421 3338 1465 3378; x_wconf 78' lang='grc'>4.</span> <span class='ocrx_word' id='word_1_404' title='bbox 1618 3334 1654 3386; x_wconf 93' lang='lat' dir='ltr'>l)</span> <span class='ocrx_word' id='word_1_405' title='bbox 1686 3337 1752 3376; x_wconf 73' lang='lat' dir='ltr'>ita</span> <span class='ocrx_word' id='word_1_406' title='bbox 1799 3337 1842 3376; x_wconf 88' lang='lat' dir='ltr'>A</span> <span class='ocrx_word' id='word_1_407' title='bbox 1875 3338 1917 3378; x_wconf 90' lang='grc'>2.</span> <span class='ocrx_word' id='word_1_408' title='bbox 1947 3332 2009 3378; x_wconf 82' lang='grc'>’3.</span> <span class='ocrx_word' id='word_1_409' title='bbox 2060 3338 2099 3377; x_wconf 91' lang='grc' dir='ltr'>Β</span> <span class='ocrx_word' id='word_1_410' title='bbox 2135 3338 2174 3376; x_wconf 89' lang='grc'>2.</span> <span class='ocrx_word' id='word_1_411' title='bbox 2209 3337 2264 3378; x_wconf 86' lang='grc'>3.-</span> <span class='ocrx_word' id='word_1_412' title='bbox 2286 3337 2338 3378; x_wconf 83' lang='lat'>0.</span> <span class='ocrx_word' id='word_1_413' title='bbox 2369 3337 2429 3377; x_wconf 88' lang='lat' dir='ltr'>D.</span> 
     </span>
     <span class='ocr_line' id='line_1_37' title="bbox 170 3393 2432 3447; baseline -0.001 -9"><span class='ocrx_word' id='word_1_414' title='bbox 170 3401 208 3438; x_wconf 79' lang='lat' dir='ltr'><strong>F</strong></span> <span class='ocrx_word' id='word_1_415' title='bbox 246 3401 292 3442; x_wconf 86' lang='lat'>1.</span> <span class='ocrx_word' id='word_1_416' title='bbox 320 3399 367 3438; x_wconf 86' lang='grc' dir='ltr'><strong>Η</strong></span> <span class='ocrx_word' id='word_1_417' title='bbox 398 3398 453 3447; x_wconf 81' lang='grc'>33</span> <span class='ocrx_word' id='word_1_418' title='bbox 483 3407 627 3446; x_wconf 84' lang='lat' dir='ltr'>prope</span> <span class='ocrx_word' id='word_1_419' title='bbox 657 3395 700 3435; x_wconf 87' lang='lat' dir='ltr'>A</span> <span class='ocrx_word' id='word_1_420' title='bbox 733 3398 773 3436; x_wconf 89' lang='lat'>1.</span> <span class='ocrx_word' id='word_1_421' title='bbox 808 3393 871 3438; x_wconf 80' lang='lat'>*2.</span> <span class='ocrx_word' id='word_1_422' title='bbox 905 3393 967 3438; x_wconf 92' lang='grc'>’4.</span> <span class='ocrx_word' id='word_1_423' title='bbox 1000 3399 1039 3438; x_wconf 82' lang='grc' dir='ltr'><strong>Ε</strong></span> <span class='ocrx_word' id='word_1_424' title='bbox 1074 3399 1117 3438; x_wconf 88' lang='grc'>1.</span> <span class='ocrx_word' id='word_1_425' title='bbox 1148 3397 1185 3436; x_wconf 80' lang='lat' dir='ltr'><strong>F</strong></span> <span class='ocrx_word' id='word_1_426' title='bbox 1217 3397 1259 3436; x_wconf 83' lang='lat'>4.</span> <span class='ocrx_word' id='word_1_427' title='bbox 1297 3395 1339 3438; x_wconf 88' lang='lat' dir='ltr'>G</span> <span class='ocrx_word' id='word_1_428' title='bbox 1372 3399 1409 3436; x_wconf 91' lang='lat'>1.</span> <span class='ocrx_word' id='word_1_429' title='bbox 1444 3397 1488 3436; x_wconf 87' lang='lat'>3.</span> <span class='ocrx_word' id='word_1_430' title='bbox 1522 3397 1565 3436; x_wconf 97' lang='lat'>4.</span> <span class='ocrx_word' id='word_1_431' title='bbox 1601 3396 1747 3447; x_wconf 82' lang='lat' dir='ltr'>5a.b3</span> <span class='ocrx_word' id='word_1_432' title='bbox 1777 3407 1862 3446; x_wconf 84' lang='lat' dir='ltr'>pro</span> <span class='ocrx_word' id='word_1_433' title='bbox 1893 3396 2036 3445; x_wconf 85' lang='lat' dir='ltr'>pedes</span> <span class='ocrx_word' id='word_1_434' title='bbox 2067 3397 2196 3436; x_wconf 82' lang='lat' dir='ltr'>illius</span> <span class='ocrx_word' id='word_1_435' title='bbox 2228 3395 2272 3435; x_wconf 81' lang='lat' dir='ltr'>d.</span> <span class='ocrx_word' id='word_1_436' title='bbox 2306 3394 2348 3436; x_wconf 87' lang='lat' dir='ltr'>G</span> <span class='ocrx_word' id='word_1_437' title='bbox 2380 3397 2432 3446; x_wconf 88' lang='grc'>23</span> 
     </span>
     <span class='ocr_line' id='line_1_38' title="bbox 169 3453 2432 3513; baseline -0.001 -15"><span class='ocrx_word' id='word_1_438' title='bbox 169 3461 370 3509; x_wconf 83' lang='lat' dir='ltr'>pontem</span> <span class='ocrx_word' id='word_1_439' title='bbox 400 3456 442 3497; x_wconf 97' lang='lat' dir='ltr'>A</span> <span class='ocrx_word' id='word_1_440' title='bbox 473 3458 516 3496; x_wconf 89' lang='grc'>4.</span> <span class='ocrx_word' id='word_1_441' title='bbox 654 3453 717 3505; x_wconf 92' lang='lat' dir='ltr'>m)</span> <span class='ocrx_word' id='word_1_442' title='bbox 751 3457 935 3504; x_wconf 80' lang='lat' dir='ltr'>possint</span> <span class='ocrx_word' id='word_1_443' title='bbox 962 3457 1000 3496; x_wconf 76' lang='lat' dir='ltr'><strong>F</strong></span> <span class='ocrx_word' id='word_1_444' title='bbox 1034 3458 1075 3499; x_wconf 90' lang='lat'>1.</span> <span class='ocrx_word' id='word_1_445' title='bbox 1216 3454 1265 3508; x_wconf 93' lang='lat' dir='ltr'>n)</span> <span class='ocrx_word' id='word_1_446' title='bbox 1297 3457 1520 3504; x_wconf 77' lang='lat' dir='ltr'>vaginam</span> <span class='ocrx_word' id='word_1_447' title='bbox 1570 3455 1606 3497; x_wconf 81' lang='lat' dir='ltr'>C</span> <span class='ocrx_word' id='word_1_448' title='bbox 1639 3457 1680 3506; x_wconf 92' lang='lat'>1,</span> <span class='ocrx_word' id='word_1_449' title='bbox 1725 3466 1840 3494; x_wconf 79' lang='lat' dir='ltr'>corr.</span> <span class='ocrx_word' id='word_1_450' title='bbox 1886 3455 2060 3503; x_wconf 73' lang='lat' dir='ltr'>vag-ina</span> <span class='ocrx_word' id='word_1_451' title='bbox 2092 3455 2134 3495; x_wconf 90' lang='lat' dir='ltr'><strong>G</strong></span> <span class='ocrx_word' id='word_1_452' title='bbox 2164 3455 2214 3503; x_wconf 87' lang='grc'>33</span> <span class='ocrx_word' id='word_1_453' title='bbox 2261 3455 2432 3513; x_wconf 53' lang='lat' dir='ltr'>vagina</span> 
     </span>
     <span class='ocr_line' id='line_1_39' title="bbox 173 3511 2431 3567; baseline -0.002 -9"><span class='ocrx_word' id='word_1_454' title='bbox 173 3518 217 3558; x_wconf 88' lang='lat' dir='ltr'><strong>G</strong></span> <span class='ocrx_word' id='word_1_455' title='bbox 250 3518 296 3557; x_wconf 90' lang='grc'>2.</span> <span class='ocrx_word' id='word_1_456' title='bbox 333 3538 387 3547; x_wconf 92' lang='grc'>-</span> <span class='ocrx_word' id='word_1_457' title='bbox 418 3519 660 3565; x_wconf 78' lang='lat' dir='ltr'>exceptam</span> <span class='ocrx_word' id='word_1_458' title='bbox 693 3514 729 3554; x_wconf 81' lang='lat' dir='ltr'>C</span> <span class='ocrx_word' id='word_1_459' title='bbox 760 3511 824 3556; x_wconf 86' lang='grc'>’1.</span> <span class='ocrx_word' id='word_1_460' title='bbox 963 3513 1009 3566; x_wconf 93' lang='grc' dir='ltr'>ο)</span> <span class='ocrx_word' id='word_1_461' title='bbox 1042 3515 1177 3555; x_wconf 85' lang='lat' dir='ltr'>illum</span> <span class='ocrx_word' id='word_1_462' title='bbox 1207 3515 1244 3554; x_wconf 74' lang='lat' dir='ltr'><strong>F</strong></span> <span class='ocrx_word' id='word_1_463' title='bbox 1278 3518 1329 3565; x_wconf 87' lang='grc'>13</span> <span class='ocrx_word' id='word_1_464' title='bbox 1374 3515 1491 3554; x_wconf 85' lang='lat' dir='ltr'>illan</span> <span class='ocrx_word' id='word_1_465' title='bbox 1521 3525 1636 3554; x_wconf 80' lang='lat' dir='ltr'>corr.</span> <span class='ocrx_word' id='word_1_466' title='bbox 1682 3515 1804 3554; x_wconf 83' lang='lat' dir='ltr'>illud</span> <span class='ocrx_word' id='word_1_467' title='bbox 1835 3513 1871 3553; x_wconf 81' lang='grc' dir='ltr'>Ο</span> <span class='ocrx_word' id='word_1_468' title='bbox 1906 3515 1946 3554; x_wconf 89' lang='lat'>1.</span> <span class='ocrx_word' id='word_1_469' title='bbox 2082 3513 2130 3567; x_wconf 89' lang='lat' dir='ltr'>p)</span> <span class='ocrx_word' id='word_1_470' title='bbox 2161 3514 2285 3564; x_wconf 86' lang='lat' dir='ltr'>quod</span> <span class='ocrx_word' id='word_1_471' title='bbox 2314 3515 2355 3555; x_wconf 89' lang='lat' dir='ltr'>A</span> <span class='ocrx_word' id='word_1_472' title='bbox 2390 3517 2431 3554; x_wconf 84' lang='lat'>1.</span> 
     </span>
     <span class='ocr_line' id='line_1_40' title="bbox 170 3571 2432 3626; baseline 0 -10"><span class='ocrx_word' id='word_1_473' title='bbox 170 3579 208 3616; x_wconf 79' lang='lat' dir='ltr'><strong>F</strong></span> <span class='ocrx_word' id='word_1_474' title='bbox 245 3578 299 3626; x_wconf 84' lang='grc'>13</span> <span class='ocrx_word' id='word_1_475' title='bbox 331 3585 369 3616; x_wconf 88' lang='lat' dir='ltr'>r.</span> <span class='ocrx_word' id='word_1_476' title='bbox 404 3575 527 3624; x_wconf 84' lang='lat' dir='ltr'>quod</span> <span class='ocrx_word' id='word_1_477' title='bbox 556 3575 600 3616; x_wconf 82' lang='lat' dir='ltr'>d.</span> <span class='ocrx_word' id='word_1_478' title='bbox 633 3572 674 3613; x_wconf 91' lang='lat' dir='ltr'><strong>G</strong></span> <span class='ocrx_word' id='word_1_479' title='bbox 708 3573 777 3614; x_wconf 72' lang='lat' dir='ltr'>fia.</span> <span class='ocrx_word' id='word_1_480' title='bbox 900 3572 947 3624; x_wconf 91' lang='lat' dir='ltr'>q)</span> <span class='ocrx_word' id='word_1_481' title='bbox 982 3575 1182 3623; x_wconf 72' lang='lat' dir='ltr'>quodam</span> <span class='ocrx_word' id='word_1_482' title='bbox 1210 3572 1255 3614; x_wconf 89' lang='lat' dir='ltr'>A</span> <span class='ocrx_word' id='word_1_483' title='bbox 1286 3575 1328 3614; x_wconf 91' lang='grc'>2.</span> <span class='ocrx_word' id='word_1_484' title='bbox 1448 3571 1489 3625; x_wconf 87' lang='lat' dir='ltr'>r)</span> <span class='ocrx_word' id='word_1_485' title='bbox 1523 3574 1760 3622; x_wconf 81' lang='lat' dir='ltr'>ingressus</span> <span class='ocrx_word' id='word_1_486' title='bbox 1790 3573 1828 3612; x_wconf 81' lang='lat' dir='ltr'><strong>F</strong></span> <span class='ocrx_word' id='word_1_487' title='bbox 1862 3574 1903 3615; x_wconf 89' lang='lat'>1.</span> <span class='ocrx_word' id='word_1_488' title='bbox 1933 3573 1978 3614; x_wconf 84' lang='grc'>4.</span> <span class='ocrx_word' id='word_1_489' title='bbox 2013 3572 2114 3613; x_wconf 88' lang='lat' dir='ltr'>Gl.</span> <span class='ocrx_word' id='word_1_490' title='bbox 2147 3575 2188 3615; x_wconf 82' lang='lat'>2.</span> <span class='ocrx_word' id='word_1_491' title='bbox 2224 3574 2266 3615; x_wconf 83' lang='lat'>3.</span> <span class='ocrx_word' id='word_1_492' title='bbox 2287 3593 2340 3603; x_wconf 91' lang='lat'>—</span> <span class='ocrx_word' id='word_1_493' title='bbox 2363 3585 2432 3616; x_wconf 88' lang='lat' dir='ltr'>re·</span> 
     </span>
     <span class='ocr_line' id='line_1_41' title="bbox 173 3630 2429 3686; baseline -0.001 -10"><span class='ocrx_word' id='word_1_494' title='bbox 173 3645 367 3686; x_wconf 77' lang='lat' dir='ltr'>gressus</span> <span class='ocrx_word' id='word_1_495' title='bbox 397 3635 435 3672; x_wconf 76' lang='lat' dir='ltr'><strong>F</strong></span> <span class='ocrx_word' id='word_1_496' title='bbox 455 3635 495 3674; x_wconf 89' lang='lat'>1.</span> <span class='ocrx_word' id='word_1_497' title='bbox 534 3632 575 3672; x_wconf 92' lang='lat' dir='ltr'><strong>G</strong></span> <span class='ocrx_word' id='word_1_498' title='bbox 596 3635 636 3674; x_wconf 91' lang='lat'>1.</span> <span class='ocrx_word' id='word_1_499' title='bbox 670 3632 713 3673; x_wconf 87' lang='lat'>3.</span> <span class='ocrx_word' id='word_1_500' title='bbox 746 3633 789 3672; x_wconf 95' lang='grc'>4.</span> <span class='ocrx_word' id='word_1_501' title='bbox 911 3632 951 3684; x_wconf 86' lang='lat' dir='ltr'>s)</span> <span class='ocrx_word' id='word_1_502' title='bbox 987 3631 1359 3686; x_wconf 80' lang='lat' dir='ltr'>Gunt(h)ramnis</span> <span class='ocrx_word' id='word_1_503' title='bbox 1390 3633 1427 3672; x_wconf 73' lang='lat' dir='ltr'><strong>F</strong></span> <span class='ocrx_word' id='word_1_504' title='bbox 1449 3635 1487 3674; x_wconf 89' lang='lat'>1.</span> <span class='ocrx_word' id='word_1_505' title='bbox 1523 3631 1622 3674; x_wconf 88' lang='lat' dir='ltr'>Gl.</span> <span class='ocrx_word' id='word_1_506' title='bbox 1658 3633 1699 3672; x_wconf 89' lang='lat'>3.</span> <span class='ocrx_word' id='word_1_507' title='bbox 1734 3633 1778 3674; x_wconf 86' lang='grc'>4.</span> <span class='ocrx_word' id='word_1_508' title='bbox 1898 3630 1937 3685; x_wconf 81' lang='lat' dir='ltr'>t)</span> <span class='ocrx_word' id='word_1_509' title='bbox 1969 3632 2166 3673; x_wconf 80' lang='lat' dir='ltr'>mirifica</span> <span class='ocrx_word' id='word_1_510' title='bbox 2196 3633 2296 3672; x_wconf 74' lang='lat' dir='ltr'>Fi.</span> <span class='ocrx_word' id='word_1_511' title='bbox 2330 3632 2429 3674; x_wconf 87' lang='lat' dir='ltr'>Gl.</span> 
     </span>
     <span class='ocr_line' id='line_1_42' title="bbox 174 3690 2430 3746; baseline -0 -11"><span class='ocrx_word' id='word_1_512' title='bbox 174 3695 225 3746; x_wconf 87' lang='lat' dir='ltr'>u)</span> <span class='ocrx_word' id='word_1_513' title='bbox 260 3693 535 3744; x_wconf 79' lang='lat' dir='ltr'>apparuisse</span> <span class='ocrx_word' id='word_1_514' title='bbox 566 3690 679 3730; x_wconf 65' lang='lat' dir='ltr'>Aa?</span> <span class='ocrx_word' id='word_1_515' title='bbox 712 3691 746 3732; x_wconf 84' lang='lat' dir='ltr'>C</span> <span class='ocrx_word' id='word_1_516' title='bbox 766 3696 816 3742; x_wconf 86' lang='grc'>13</span> <span class='ocrx_word' id='word_1_517' title='bbox 846 3693 1057 3742; x_wconf 81' lang='lat' dir='ltr'>paruisse</span> <span class='ocrx_word' id='word_1_518' title='bbox 1087 3703 1202 3735; x_wconf 81' lang='lat' dir='ltr'>corr.</span> <span class='ocrx_word' id='word_1_519' title='bbox 1233 3693 1473 3742; x_wconf 74' lang='lat' dir='ltr'>aparuit-:se</span> <span class='ocrx_word' id='word_1_520' title='bbox 1509 3692 1548 3731; x_wconf 85' lang='lat' dir='ltr'>G</span> <span class='ocrx_word' id='word_1_521' title='bbox 1566 3694 1608 3734; x_wconf 92' lang='grc'>3.</span> <span class='ocrx_word' id='word_1_522' title='bbox 1698 3690 1746 3743; x_wconf 81' lang='lat' dir='ltr'>v)</span> <span class='ocrx_word' id='word_1_523' title='bbox 1773 3701 1928 3742; x_wconf 82' lang='lat' dir='ltr'>per—</span> <span class='ocrx_word' id='word_1_524' title='bbox 1946 3692 2177 3740; x_wconf 82' lang='lat' dir='ltr'>quoddam</span> <span class='ocrx_word' id='word_1_525' title='bbox 2207 3693 2294 3734; x_wconf 70' lang='lat' dir='ltr'>des.</span> <span class='ocrx_word' id='word_1_526' title='bbox 2327 3691 2370 3731; x_wconf 88' lang='lat' dir='ltr'>A</span> <span class='ocrx_word' id='word_1_527' title='bbox 2389 3692 2430 3734; x_wconf 91' lang='lat'>3.</span> 
     </span>
     <span class='ocr_line' id='line_1_43' title="bbox 172 3747 2435 3804; baseline 0 -12"><span class='ocrx_word' id='word_1_528' title='bbox 172 3752 238 3804; x_wconf 83' lang='lat' dir='ltr'>w)</span> <span class='ocrx_word' id='word_1_529' title='bbox 272 3753 335 3792; x_wconf 75' lang='lat' dir='ltr'>ita</span> <span class='ocrx_word' id='word_1_530' title='bbox 370 3753 409 3791; x_wconf 89' lang='lat' dir='ltr'>A</span> <span class='ocrx_word' id='word_1_531' title='bbox 445 3753 484 3790; x_wconf 90' lang='lat'>1.</span> <span class='ocrx_word' id='word_1_532' title='bbox 518 3748 581 3792; x_wconf 86' lang='grc'>’2.</span> <span class='ocrx_word' id='word_1_533' title='bbox 613 3751 655 3790; x_wconf 93' lang='grc'>4.</span> <span class='ocrx_word' id='word_1_534' title='bbox 700 3753 738 3790; x_wconf 93' lang='grc' dir='ltr'><strong>Β</strong></span> <span class='ocrx_word' id='word_1_535' title='bbox 772 3751 814 3790; x_wconf 91' lang='grc'>2.</span> <span class='ocrx_word' id='word_1_536' title='bbox 850 3753 891 3792; x_wconf 86' lang='grc'>3.</span> <span class='ocrx_word' id='word_1_537' title='bbox 940 3751 975 3792; x_wconf 84' lang='lat' dir='ltr'>C</span> <span class='ocrx_word' id='word_1_538' title='bbox 1007 3747 1070 3792; x_wconf 85' lang='grc'>’1.</span> <span class='ocrx_word' id='word_1_539' title='bbox 1101 3751 1145 3791; x_wconf 90' lang='lat' dir='ltr'>D</span> <span class='ocrx_word' id='word_1_540' title='bbox 1180 3753 1223 3792; x_wconf 87' lang='lat'>1.</span> <span class='ocrx_word' id='word_1_541' title='bbox 1270 3752 1307 3790; x_wconf 79' lang='lat' dir='ltr'><strong>F</strong></span> <span class='ocrx_word' id='word_1_542' title='bbox 1343 3753 1381 3790; x_wconf 90' lang='lat'>1.</span> <span class='ocrx_word' id='word_1_543' title='bbox 1417 3752 1459 3795; x_wconf 86' lang='grc'>2.</span> <span class='ocrx_word' id='word_1_544' title='bbox 1491 3751 1534 3791; x_wconf 91' lang='lat' dir='ltr'><strong>G</strong></span> <span class='ocrx_word' id='word_1_545' title='bbox 1566 3753 1606 3792; x_wconf 89' lang='lat'>1.</span> <span class='ocrx_word' id='word_1_546' title='bbox 1641 3751 1682 3792; x_wconf 88' lang='lat'>3.</span> <span class='ocrx_word' id='word_1_547' title='bbox 1715 3751 1770 3800; x_wconf 86' lang='grc'>43</span> <span class='ocrx_word' id='word_1_548' title='bbox 1816 3753 2020 3791; x_wconf 83' lang='lat' dir='ltr'>montem</span> <span class='ocrx_word' id='word_1_549' title='bbox 2066 3751 2264 3801; x_wconf 81' lang='lat' dir='ltr'>quodam</span> <span class='ocrx_word' id='word_1_550' title='bbox 2311 3750 2353 3792; x_wconf 83' lang='lat' dir='ltr'><strong>G</strong></span> <span class='ocrx_word' id='word_1_551' title='bbox 2380 3753 2435 3802; x_wconf 86' lang='grc'>23</span> 
     </span>
     <span class='ocr_line' id='line_1_44' title="bbox 176 3808 2432 3861; baseline 0 -10"><span class='ocrx_word' id='word_1_552' title='bbox 176 3816 339 3851; x_wconf 81' lang='lat' dir='ltr'>monte</span> <span class='ocrx_word' id='word_1_553' title='bbox 388 3811 589 3860; x_wconf 84' lang='lat' dir='ltr'>quodam</span> <span class='ocrx_word' id='word_1_554' title='bbox 634 3808 678 3848; x_wconf 89' lang='lat' dir='ltr'>A</span> <span class='ocrx_word' id='word_1_555' title='bbox 707 3810 749 3850; x_wconf 75' lang='grc' dir='ltr'>ὅ.</span> <span class='ocrx_word' id='word_1_556' title='bbox 784 3810 827 3849; x_wconf 92' lang='lat' dir='ltr'>D</span> <span class='ocrx_word' id='word_1_557' title='bbox 861 3811 883 3849; x_wconf 91' lang='lat'><strong>1</strong></span> <span class='ocrx_word' id='word_1_558' title='bbox 932 3821 953 3849; x_wconf 79' lang='lat' dir='ltr'>e</span> <span class='ocrx_word' id='word_1_559' title='bbox 983 3821 1099 3852; x_wconf 78' lang='lat' dir='ltr'>corr.</span> <span class='ocrx_word' id='word_1_560' title='bbox 1131 3811 1171 3852; x_wconf 88' lang='grc'>2.</span> <span class='ocrx_word' id='word_1_561' title='bbox 1206 3811 1247 3850; x_wconf 87' lang='lat'>3.</span> <span class='ocrx_word' id='word_1_562' title='bbox 1282 3811 1325 3852; x_wconf 86' lang='lat'>5.</span> <span class='ocrx_word' id='word_1_563' title='bbox 1360 3809 1401 3850; x_wconf 91' lang='lat' dir='ltr'><strong>G</strong></span> <span class='ocrx_word' id='word_1_564' title='bbox 1434 3811 1460 3850; x_wconf 87' lang='grc'>2</span> <span class='ocrx_word' id='word_1_565' title='bbox 1511 3821 1532 3848; x_wconf 75' lang='lat' dir='ltr'>e</span> <span class='ocrx_word' id='word_1_566' title='bbox 1562 3821 1678 3849; x_wconf 76' lang='lat' dir='ltr'>corr.</span> <span class='ocrx_word' id='word_1_567' title='bbox 1709 3811 1754 3849; x_wconf 88' lang='grc' dir='ltr'><strong>Η</strong></span> <span class='ocrx_word' id='word_1_568' title='bbox 1788 3811 1842 3860; x_wconf 88' lang='grc'>13</span> <span class='ocrx_word' id='word_1_569' title='bbox 1889 3813 2044 3850; x_wconf 83' lang='lat' dir='ltr'>monte</span> <span class='ocrx_word' id='word_1_570' title='bbox 2077 3811 2272 3851; x_wconf 85' lang='lat' dir='ltr'>condam</span> <span class='ocrx_word' id='word_1_571' title='bbox 2303 3811 2342 3851; x_wconf 80' lang='grc' dir='ltr'><strong>Ε</strong></span> <span class='ocrx_word' id='word_1_572' title='bbox 2378 3812 2432 3861; x_wconf 86' lang='grc'>13</span> 
     </span>
     <span class='ocr_line' id='line_1_45' title="bbox 173 3866 2434 3920; baseline -0 -9"><span class='ocrx_word' id='word_1_573' title='bbox 173 3875 383 3911; x_wconf 86' lang='lat' dir='ltr'>montem</span> <span class='ocrx_word' id='word_1_574' title='bbox 415 3869 649 3918; x_wconf 83' lang='lat' dir='ltr'>quendam</span> <span class='ocrx_word' id='word_1_575' title='bbox 682 3868 776 3909; x_wconf 80' lang='lat'>01.</span> <span class='ocrx_word' id='word_1_576' title='bbox 812 3867 911 3910; x_wconf 75' lang='lat'>(35.</span> <span class='ocrx_word' id='word_1_577' title='bbox 945 3869 967 3908; x_wconf 92' lang='lat'>1</span> <span class='ocrx_word' id='word_1_578' title='bbox 1002 3871 1054 3918; x_wconf 86' lang='grc'>13</span> <span class='ocrx_word' id='word_1_579' title='bbox 1086 3880 1131 3918; x_wconf 87' lang='lat' dir='ltr'>q.</span> <span class='ocrx_word' id='word_1_580' title='bbox 1164 3870 1275 3909; x_wconf 67' lang='lat' dir='ltr'>deest</span> <span class='ocrx_word' id='word_1_581' title='bbox 1304 3870 1341 3908; x_wconf 76' lang='lat' dir='ltr'>F</span> <span class='ocrx_word' id='word_1_582' title='bbox 1374 3868 1417 3912; x_wconf 91' lang='lat'>5.</span> <span class='ocrx_word' id='word_1_583' title='bbox 1537 3866 1586 3920; x_wconf 86' lang='lat' dir='ltr'>x)</span> <span class='ocrx_word' id='word_1_584' title='bbox 1618 3869 1681 3908; x_wconf 73' lang='lat' dir='ltr'>ita</span> <span class='ocrx_word' id='word_1_585' title='bbox 1713 3868 1754 3906; x_wconf 91' lang='lat' dir='ltr'>A</span> <span class='ocrx_word' id='word_1_586' title='bbox 1789 3869 1828 3907; x_wconf 89' lang='lat'>1.</span> <span class='ocrx_word' id='word_1_587' title='bbox 1862 3869 1903 3908; x_wconf 88' lang='grc'>2.</span> <span class='ocrx_word' id='word_1_588' title='bbox 1935 3870 1974 3908; x_wconf 88' lang='grc' dir='ltr'><strong>Β</strong></span> <span class='ocrx_word' id='word_1_589' title='bbox 2009 3870 2051 3908; x_wconf 89' lang='grc'>2.</span> <span class='ocrx_word' id='word_1_590' title='bbox 2083 3869 2125 3908; x_wconf 88' lang='grc'>3.</span> <span class='ocrx_word' id='word_1_591' title='bbox 2159 3870 2194 3911; x_wconf 83' lang='lat' dir='ltr'>O</span> <span class='ocrx_word' id='word_1_592' title='bbox 2229 3871 2274 3910; x_wconf 89' lang='grc'>2.</span> <span class='ocrx_word' id='word_1_593' title='bbox 2305 3871 2344 3908; x_wconf 81' lang='grc' dir='ltr'><strong>Ε</strong></span> <span class='ocrx_word' id='word_1_594' title='bbox 2379 3871 2434 3920; x_wconf 86' lang='grc'>13</span> 
     </span>
     <span class='ocr_line' id='line_1_46' title="bbox 173 3925 2434 3978; baseline -0.001 -8"><span class='ocrx_word' id='word_1_595' title='bbox 173 3930 324 3970; x_wconf 81' lang='lat' dir='ltr'>multo</span> <span class='ocrx_word' id='word_1_596' title='bbox 357 3927 399 3968; x_wconf 90' lang='lat' dir='ltr'>A</span> <span class='ocrx_word' id='word_1_597' title='bbox 432 3925 506 3977; x_wconf 86' lang='grc'>’23</span> <span class='ocrx_word' id='word_1_598' title='bbox 548 3929 723 3968; x_wconf 84' lang='lat' dir='ltr'>multus</span> <span class='ocrx_word' id='word_1_599' title='bbox 757 3927 792 3968; x_wconf 85' lang='lat' dir='ltr'>C</span> <span class='ocrx_word' id='word_1_600' title='bbox 826 3928 875 3977; x_wconf 88' lang='grc'>13</span> <span class='ocrx_word' id='word_1_601' title='bbox 925 3928 1121 3968; x_wconf 87' lang='lat' dir='ltr'>multum</span> <span class='ocrx_word' id='word_1_602' title='bbox 1151 3927 1193 3966; x_wconf 91' lang='lat' dir='ltr'>A</span> <span class='ocrx_word' id='word_1_603' title='bbox 1225 3925 1288 3969; x_wconf 89' lang='grc'>’3.</span> <span class='ocrx_word' id='word_1_604' title='bbox 1322 3929 1365 3970; x_wconf 89' lang='grc'>3.</span> <span class='ocrx_word' id='word_1_605' title='bbox 1397 3929 1439 3968; x_wconf 95' lang='grc'>4.</span> <span class='ocrx_word' id='word_1_606' title='bbox 1472 3927 1516 3968; x_wconf 86' lang='grc'>5.</span> <span class='ocrx_word' id='word_1_607' title='bbox 1551 3927 1624 3968; x_wconf 84' lang='lat' dir='ltr'>5b.</span> <span class='ocrx_word' id='word_1_608' title='bbox 1654 3929 1691 3966; x_wconf 79' lang='lat' dir='ltr'>F</span> <span class='ocrx_word' id='word_1_609' title='bbox 1725 3927 1767 3968; x_wconf 87' lang='lat'>5.</span> <span class='ocrx_word' id='word_1_610' title='bbox 1803 3925 1845 3966; x_wconf 93' lang='lat' dir='ltr'><strong>G</strong></span> <span class='ocrx_word' id='word_1_611' title='bbox 1875 3927 1928 3976; x_wconf 82' lang='lat'>53</span> <span class='ocrx_word' id='word_1_612' title='bbox 1977 3928 2122 3968; x_wconf 82' lang='lat' dir='ltr'>multa</span> <span class='ocrx_word' id='word_1_613' title='bbox 2151 3929 2188 3968; x_wconf 79' lang='lat' dir='ltr'><strong>F</strong></span> <span class='ocrx_word' id='word_1_614' title='bbox 2223 3930 2264 3970; x_wconf 91' lang='lat'>1.</span> <span class='ocrx_word' id='word_1_615' title='bbox 2301 3928 2343 3968; x_wconf 89' lang='lat' dir='ltr'><strong>G</strong></span> <span class='ocrx_word' id='word_1_616' title='bbox 2376 3929 2434 3978; x_wconf 89' lang='grc'>13</span> 
     </span>
     <span class='ocr_line' id='line_1_47' title="bbox 176 3985 2430 4038; baseline -0 -9"><span class='ocrx_word' id='word_1_617' title='bbox 176 3989 352 4029; x_wconf 85' lang='lat' dir='ltr'>multos</span> <span class='ocrx_word' id='word_1_618' title='bbox 398 3987 579 4037; x_wconf 76' lang='lat' dir='ltr'>pondus</span> <span class='ocrx_word' id='word_1_619' title='bbox 625 3998 740 4027; x_wconf 80' lang='lat' dir='ltr'>corr.</span> <span class='ocrx_word' id='word_1_620' title='bbox 789 3987 935 4028; x_wconf 87' lang='lat' dir='ltr'>multa</span> <span class='ocrx_word' id='word_1_621' title='bbox 978 3987 1183 4036; x_wconf 81' lang='lat' dir='ltr'>pondera</span> <span class='ocrx_word' id='word_1_622' title='bbox 1212 3988 1256 4027; x_wconf 89' lang='lat' dir='ltr'>D</span> <span class='ocrx_word' id='word_1_623' title='bbox 1293 3989 1333 4038; x_wconf 91' lang='lat'>1,</span> <span class='ocrx_word' id='word_1_624' title='bbox 1380 3991 1419 4026; x_wconf 78' lang='lat' dir='ltr'>et</span> <span class='ocrx_word' id='word_1_625' title='bbox 1447 3987 1513 4026; x_wconf 75' lang='lat' dir='ltr'>ita</span> <span class='ocrx_word' id='word_1_626' title='bbox 1557 3987 1684 4026; x_wconf 76' lang='lat' dir='ltr'>ceteri</span> <span class='ocrx_word' id='word_1_627' title='bbox 1710 3986 1770 4026; x_wconf 91' lang='lat' dir='ltr'>D.</span> <span class='ocrx_word' id='word_1_628' title='bbox 1806 3985 1846 4026; x_wconf 87' lang='lat' dir='ltr'>G</span> <span class='ocrx_word' id='word_1_629' title='bbox 1878 3987 1920 4027; x_wconf 86' lang='grc'>2.</span> <span class='ocrx_word' id='word_1_630' title='bbox 1952 3986 1976 4025; x_wconf 93' lang='lat'>1</span> <span class='ocrx_word' id='word_1_631' title='bbox 2010 3989 2059 4037; x_wconf 88' lang='grc'>13</span> <span class='ocrx_word' id='word_1_632' title='bbox 2105 3988 2284 4036; x_wconf 87' lang='lat' dir='ltr'>pondos</span> <span class='ocrx_word' id='word_1_633' title='bbox 2314 3988 2354 4026; x_wconf 82' lang='grc' dir='ltr'><strong>Ε</strong></span> <span class='ocrx_word' id='word_1_634' title='bbox 2389 3989 2430 4028; x_wconf 89' lang='grc'>1.</span> 
     </span>
     <span class='ocr_line' id='line_1_48' title="bbox 173 4041 2434 4097; baseline -0.002 -9"><span class='ocrx_word' id='word_1_635' title='bbox 173 4049 213 4088; x_wconf 76' lang='lat' dir='ltr'><strong>F</strong></span> <span class='ocrx_word' id='word_1_636' title='bbox 250 4051 331 4096; x_wconf 81' lang='lat' dir='ltr'>1a3</span> <span class='ocrx_word' id='word_1_637' title='bbox 363 4057 409 4086; x_wconf 83' lang='lat' dir='ltr'>u.</span> <span class='ocrx_word' id='word_1_638' title='bbox 443 4057 489 4085; x_wconf 88' lang='lat' dir='ltr'>m</span> <span class='ocrx_word' id='word_1_639' title='bbox 538 4057 577 4086; x_wconf 88' lang='lat' dir='ltr'>a.</span> <span class='ocrx_word' id='word_1_640' title='bbox 611 4057 657 4096; x_wconf 95' lang='lat' dir='ltr'>p.</span> <span class='ocrx_word' id='word_1_641' title='bbox 688 4057 731 4086; x_wconf 87' lang='lat' dir='ltr'>a.</span> <span class='ocrx_word' id='word_1_642' title='bbox 762 4046 849 4086; x_wconf 72' lang='lat' dir='ltr'>des.</span> <span class='ocrx_word' id='word_1_643' title='bbox 883 4047 923 4086; x_wconf 89' lang='lat' dir='ltr'>A</span> <span class='ocrx_word' id='word_1_644' title='bbox 955 4042 1020 4086; x_wconf 90' lang='grc'>’4.</span> <span class='ocrx_word' id='word_1_645' title='bbox 1140 4045 1189 4097; x_wconf 86' lang='lat' dir='ltr'>y&gt;</span> <span class='ocrx_word' id='word_1_646' title='bbox 1222 4046 1269 4085; x_wconf 86' lang='lat' dir='ltr'>Is</span> <span class='ocrx_word' id='word_1_647' title='bbox 1306 4068 1358 4076; x_wconf 94' lang='lat'><strong>—</strong></span> <span class='ocrx_word' id='word_1_648' title='bbox 1390 4045 1634 4086; x_wconf 80' lang='lat' dir='ltr'>dormisset</span> <span class='ocrx_word' id='word_1_649' title='bbox 1663 4046 1749 4087; x_wconf 73' lang='lat' dir='ltr'>dee.</span> <span class='ocrx_word' id='word_1_650' title='bbox 1785 4045 1820 4086; x_wconf 86' lang='lat' dir='ltr'>C</span> <span class='ocrx_word' id='word_1_651' title='bbox 1852 4041 1921 4095; x_wconf 88' lang='grc'>’13</span> <span class='ocrx_word' id='word_1_652' title='bbox 1961 4046 2069 4096; x_wconf 87' lang='lat' dir='ltr'>Ipse</span> <span class='ocrx_word' id='word_1_653' title='bbox 2099 4057 2209 4086; x_wconf 84' lang='lat' dir='ltr'>vero</span> <span class='ocrx_word' id='word_1_654' title='bbox 2246 4067 2298 4076; x_wconf 91' lang='lat'><strong>—</strong></span> <span class='ocrx_word' id='word_1_655' title='bbox 2331 4046 2434 4085; x_wconf 88' lang='lat' dir='ltr'>dor-</span> 
     </span>
     <span class='ocr_line' id='line_1_49' title="bbox 174 4104 2434 4155; baseline -0.002 -8"><span class='ocrx_word' id='word_1_656' title='bbox 174 4109 343 4147; x_wconf 75' lang='lat' dir='ltr'>misset</span> <span class='ocrx_word' id='word_1_657' title='bbox 368 4109 469 4155; x_wconf 73' lang='lat' dir='ltr'>post</span> <span class='ocrx_word' id='word_1_658' title='bbox 497 4105 640 4154; x_wconf 76' lang='lat' dir='ltr'>mppl.</span> <span class='ocrx_word' id='word_1_659' title='bbox 673 4105 716 4144; x_wconf 91' lang='lat' dir='ltr'>D</span> <span class='ocrx_word' id='word_1_660' title='bbox 750 4106 801 4154; x_wconf 78' lang='grc'>13</span> <span class='ocrx_word' id='word_1_661' title='bbox 832 4105 939 4155; x_wconf 82' lang='lat' dir='ltr'>Ipse</span> <span class='ocrx_word' id='word_1_662' title='bbox 970 4106 1013 4145; x_wconf 91' lang='lat' dir='ltr'>D</span> <span class='ocrx_word' id='word_1_663' title='bbox 1047 4106 1087 4148; x_wconf 86' lang='grc'>2.</span> <span class='ocrx_word' id='word_1_664' title='bbox 1119 4106 1162 4146; x_wconf 87' lang='grc'>5.</span> <span class='ocrx_word' id='word_1_665' title='bbox 1192 4105 1235 4144; x_wconf 85' lang='lat' dir='ltr'>H</span> <span class='ocrx_word' id='word_1_666' title='bbox 1256 4107 1298 4145; x_wconf 91' lang='lat'>1.</span> <span class='ocrx_word' id='word_1_667' title='bbox 1332 4105 1382 4154; x_wconf 88' lang='grc'>33</span> <span class='ocrx_word' id='word_1_668' title='bbox 1416 4105 1506 4152; x_wconf 81' lang='lat' dir='ltr'>Qui</span> <span class='ocrx_word' id='word_1_669' title='bbox 1537 4108 1690 4145; x_wconf 88' lang='lat' dir='ltr'>autem</span> <span class='ocrx_word' id='word_1_670' title='bbox 1720 4105 1976 4154; x_wconf 75' lang='lat' dir='ltr'>praefatam</span> <span class='ocrx_word' id='word_1_671' title='bbox 2007 4105 2222 4155; x_wconf 82' lang='lat' dir='ltr'>reptilem</span> <span class='ocrx_word' id='word_1_672' title='bbox 2252 4104 2434 4144; x_wconf 77' lang='lat' dir='ltr'>viderat</span> 
     </span>
     <span class='ocr_line' id='line_1_50' title="bbox 176 4161 2430 4215; baseline -0.001 -9"><span class='ocrx_word' id='word_1_673' title='bbox 176 4167 225 4206; x_wconf 86' lang='lat' dir='ltr'>ei</span> <span class='ocrx_word' id='word_1_674' title='bbox 259 4168 427 4206; x_wconf 82' lang='lat' dir='ltr'>cuncta</span> <span class='ocrx_word' id='word_1_675' title='bbox 456 4165 506 4204; x_wconf 80' lang='lat' dir='ltr'>in</span> <span class='ocrx_word' id='word_1_676' title='bbox 538 4164 701 4204; x_wconf 83' lang='lat' dir='ltr'>ordine</span> <span class='ocrx_word' id='word_1_677' title='bbox 732 4165 891 4204; x_wconf 81' lang='lat' dir='ltr'>retulit</span> <span class='ocrx_word' id='word_1_678' title='bbox 922 4163 957 4205; x_wconf 82' lang='lat' dir='ltr'>C</span> <span class='ocrx_word' id='word_1_679' title='bbox 991 4167 1032 4205; x_wconf 89' lang='grc'>2.</span> <span class='ocrx_word' id='word_1_680' title='bbox 1156 4161 1200 4215; x_wconf 78' lang='lat' dir='ltr'>z)</span> <span class='ocrx_word' id='word_1_681' title='bbox 1232 4164 1342 4203; x_wconf 68' lang='lat' dir='ltr'>deest</span> <span class='ocrx_word' id='word_1_682' title='bbox 1372 4165 1424 4204; x_wconf 80' lang='lat' dir='ltr'>F.</span> <span class='ocrx_word' id='word_1_683' title='bbox 1459 4161 1502 4204; x_wconf 88' lang='lat' dir='ltr'>G</span> <span class='ocrx_word' id='word_1_684' title='bbox 1535 4166 1572 4205; x_wconf 91' lang='lat'>1.</span> <span class='ocrx_word' id='word_1_685' title='bbox 1609 4165 1650 4204; x_wconf 88' lang='lat'>3.</span> <span class='ocrx_word' id='word_1_686' title='bbox 1684 4165 1738 4213; x_wconf 85' lang='grc'>43</span> <span class='ocrx_word' id='word_1_687' title='bbox 1785 4166 1856 4204; x_wconf 89' lang='lat' dir='ltr'>est</span> <span class='ocrx_word' id='word_1_688' title='bbox 1885 4163 1958 4204; x_wconf 86' lang='lat' dir='ltr'>eff.</span> <span class='ocrx_word' id='word_1_689' title='bbox 1992 4175 2014 4203; x_wconf 85' lang='lat' dir='ltr'>e</span> <span class='ocrx_word' id='word_1_690' title='bbox 2043 4175 2160 4203; x_wconf 76' lang='lat' dir='ltr'>corr.</span> <span class='ocrx_word' id='word_1_691' title='bbox 2197 4161 2239 4204; x_wconf 88' lang='lat' dir='ltr'>G</span> <span class='ocrx_word' id='word_1_692' title='bbox 2273 4163 2327 4212; x_wconf 83' lang='grc'><strong>83</strong></span> <span class='ocrx_word' id='word_1_693' title='bbox 2361 4166 2430 4204; x_wconf 86' lang='lat' dir='ltr'>est</span> 
     </span>
     <span class='ocr_line' id='line_1_51' title="bbox 179 4222 486 4265; baseline -0.007 -2"><span class='ocrx_word' id='word_1_694' title='bbox 179 4225 336 4265; x_wconf 76' lang='lat' dir='ltr'>fossus</span> <span class='ocrx_word' id='word_1_695' title='bbox 372 4222 413 4263; x_wconf 80' lang='lat' dir='ltr'>G</span> <span class='ocrx_word' id='word_1_696' title='bbox 444 4223 486 4262; x_wconf 87' lang='grc'>2.</span> 
     </span>
    </p>
   </div>
   <div class='ocr_carea' id='block_1_8' title="bbox 184 4323 2434 4452">
    <p class='ocr_par' dir='ltr' id='par_1_8' title="bbox 184 4323 2434 4452">
     <span class='ocr_line' id='line_1_52' title="bbox 184 4323 2434 4452; baseline -0.002 -74"><span class='ocrx_word' id='word_1_697' title='bbox 184 4324 629 4452; x_wconf 51' lang='grc' dir='ltr'><strong>1)87(ἴ.ΒΘέ”ἰτηαη,</strong></span> <span class='ocrx_word' id='word_1_698' title='bbox 670 4325 845 4394; x_wconf 63' lang='lat' dir='ltr'>Sagen</span> <span class='ocrx_word' id='word_1_699' title='bbox 885 4325 933 4393; x_wconf 91' lang='lat' dir='ltr'>I,</span> <span class='ocrx_word' id='word_1_700' title='bbox 976 4326 1075 4380; x_wconf 84' lang='lat' dir='ltr'>Nr.</span> <span class='ocrx_word' id='word_1_701' title='bbox 1117 4326 1243 4378; x_wconf 87' lang='grc'><strong>247.</strong></span> <span class='ocrx_word' id='word_1_702' title='bbox 1282 4325 1421 4390; x_wconf 84' lang='grc'><strong>249;</strong></span> <span class='ocrx_word' id='word_1_703' title='bbox 1458 4325 1543 4389; x_wconf 86' lang='grc' dir='ltr'>ΙΙ,</span> <span class='ocrx_word' id='word_1_704' title='bbox 1585 4327 1722 4388; x_wconf 82' lang='lat'>455;</span> <span class='ocrx_word' id='word_1_705' title='bbox 1758 4325 1968 4390; x_wconf 67' lang='lat' dir='ltr'>Miiller,</span> <span class='ocrx_word' id='word_1_706' title='bbox 2007 4324 2180 4391; x_wconf 71' lang='lat' dir='ltr'>Mych.</span> <span class='ocrx_word' id='word_1_707' title='bbox 2217 4341 2272 4390; x_wconf 81' lang='lat' dir='ltr'>p.</span> <span class='ocrx_word' id='word_1_708' title='bbox 2305 4323 2434 4381; x_wconf 83' lang='lat'>181.</span> 
     </span>
    </p>
   </div>
   <div class='ocr_carea' id='block_1_9' title="bbox 2445 2210 2661 2262">
    <p class='ocr_par' dir='ltr' id='par_1_9' title="bbox 2445 2210 2661 2262">
     <span class='ocr_line' id='line_1_53' title="bbox 2445 2210 2661 2262; baseline -0.009 -8"><span class='ocrx_word' id='word_1_709' title='bbox 2445 2210 2523 2262; x_wconf 81' lang='lat' dir='ltr'>⁴p.</span> <span class='ocrx_word' id='word_1_710' title='bbox 2557 2211 2661 2252; x_wconf 83' lang='grc'><strong>113.</strong></span> 
     </span>
    </p>
   </div>
  </div>
 </body>
</html>
