2984 4917
572 383 582 390 ”
619 398 688 448 18
1075 395 1299 449 PAULI
1336 395 1686 449 msromA
1722 359 2393 449 LAneossARDoRuM.

407 579 490 633 Ἰ».
523 581 595 624 2⁶.
787 566 872 628 *A
926 567 1020 630 ud
1062 587 1206 631 eum
1233 564 1314 628 de
1343 564 1651 628 Historia
1677 562 2273 650 Lanqobardorum
2302 585 2383 629 ne
2412 562 2673 627 verbum
2759 565 2857 628 ui-

619 650 780 717 dem.
923 650 1001 714 ed
1044 645 1302 713 saeculo
1337 650 1539 732 prius
1569 647 2069 731 Erchempertus
2098 649 2234 712 scri
2282 648 2401 712 sit:
2485 585 2854 732 Langogar-

618 732 849 798 dorum
891 731 1154 813 seriem,
1211 752 1540 817 egressum
1585 731 1909 817 situmque
1950 731 2161 828 regni,
2262 751 2339 794 oc
2396 739 2493 795 est
2543 730 2854 816 originem

617 831 861 897 e'omm,
916 814 1022 880 vel
1065 814 1388 901 quomodo
1433 813 1513 878 de
1560 813 1989 878 Scandinavia
2029 811 2240 878 msula
2282 815 2524 899 egressi
2564 813 2651 878 ad
2690 814 2859 878 Pan-

616 901 897 981 noniam,
940 899 1174 963 iterum
1217 920 1257 962 a
1283 898 1619 962 Pannonia
1648 896 1896 963 Italiam
1938 897 2532 983 transmigraverint
2558 919 2855 983 regnum-

620 1005 746 1071 que
790 982 1204 1068 susceperint,
1244 981 1505 1064 Paulus,
1546 981 1647 1046 vir
1673 980 1859 1046 valde
1900 982 2164 1067 peritus,
2210 980 2665 1068 compendiosa
2706 979 2857 1046 licet

618 1067 930 1132 brevitate
991 1074 1087 1130 set
1134 1065 1436 1151 prudenti
1495 1066 1859 1151 composuit
1912 1065 2185 1146 ratione,
2255 1063 2607 1130 extendens
2658 1063 2859 1128 nichi-

617 1149 894 1215 lominus
936 1171 978 1213 a
1007 1147 1355 1214 Grammara
1395 1157 1461 1214 et
1488 1147 1742 1213 duobus
1770 1147 1987 1213 liberis
2032 1149 2169 1213 eius
2212 1147 2566 1234 hystoriam
2594 1148 2857 1213 Ratchis

617 1255 781 1320 pene
836 1255 1039 1320 usque
1093 1255 1383 1318 regnum.
1469 1234 1558 1297 Et
1607 1255 1759 1298 moae
1813 1255 1948 1298 non
2004 1233 2211 1297 solum
2263 1234 2337 1296 in
2444 1235 2624 1297 atria
2680 1242 2862 1298 terra

619 1320 732 1383 sed
764 1339 895 1403 per
939 1326 1138 1382 totum
1178 1317 1513 1382 Franciae
1565 1339 1841 1403 reynum
1887 1325 2343 1403 propaqatus,
2428 1325 2602 1381 ectus
2646 1325 2704 1382 et
2748 1339 2856 1380 ece-

619 1405 904 1486 scriptus
956 1410 1048 1466 est
1102 1400 1300 1484 liber,
1365 1422 1491 1486 quo
1545 1400 1800 1465 Paulus
1862 1423 1965 1465 res
2034 1424 2077 1465 a
2129 1401 2576 1485 popularibus
2641 1409 2859 1486 qestas

619 1487 965 1551 memoriae
1007 1484 1267 1550 tradere
1308 1485 1669 1550 studuerat.

799 1569 982 1654 Opus
1085 1568 1269 1633 rocul
1326 1569 1527 1633 dubio
1587 1569 1668 1632 ab
1725 1569 1872 1652 ipso
1932 1577 2193 1632 auctore
2252 1569 2326 1632 in
2369 1589 2483 1631 sem
2525 1566 2728 1632 libros
2772 1575 2862 1630 est

619 1656 980 1740 diyestum5
1027 1589 1200 1717 {thri
1254 1654 1329 1717 in
1393 1652 1689 1736 capitula
1747 1653 1989 1731 divisi;
2055 1653 2287 1736 cuique
2338 1649 2503 1716 libro
2564 1651 2861 1733 capitum

617 1738 824 1804 indeoe
841 1737 1271 1821 praemissus.
1358 1735 1770 1820 Liutprandi
1796 1737 1976 1821 reqis
2006 1735 2216 1800 obitus
2253 1744 2427 1800 seaeto
2471 1733 2637 1798 libro
2651 1733 2861 1814 finem

601 1821 823 1908 facit,·
869 1823 942 1885 in
971 1822 1162 1918 cujus
1193 1819 1414 1884 ultimo
1446 1819 1736 1904 capitulo
1767 1843 1911 1884 cum
1939 1818 2193 1884 Paulus
2222 1820 2433 1884 dicat.-
2477 1815 2861 1882 miraculum

664 1903 795 1970 uod
835 1904 1170 1989 posteriori
1199 1912 1486 1989 tempore
1560 1912 1768 1968 estum
1796 1912 1911 1984 est,
1955 1903 2025 1966 in
2052 1901 2195 1966 loco
2269 1902 2484 1988 roprio
2526 1922 2862 1988 ponemus,

621 1926 701 2055 de
764 1989 1042 2052 historia
1085 1987 1361 2052 ulterius
1410 1989 1489 2052 de
1539 1988 1830 2067 ucenda,
1881 1988 1955 2052 id
2013 1996 2103 2050 est
2158 1925 2324 2052 ligi-o
2380 1995 2543 2051 certe
2594 1987 2861 2069 septimo

623 2073 1021 2159 adjiciend0‚
1080 2074 1240 2156 quin
1297 2073 1437 2155 ipse
1491 2072 1906 2157 ooyitaverit,
1965 2071 2262 2135 dubitari
2316 2071 2601 2157 nequit1.
2687 2069 2861 2150 Ide0,

621 2167 696 2221 ut
736 2157 1014 2236 videtur,
1057 2153 1220 2218 liber
1253 2155 1679 2242 praefatione
1723 2163 1929 2236 caret,
1988 2156 2087 2219 ita
2130 2163 2203 2218 ut
2258 2155 2337 2219 de
2393 2157 2535 2240 ejus
2590 2153 2863 2218 consilio

621 2251 680 2307 et
703 2241 1014 2325 fontibus
1070 2242 1342 2305 nonnisi
1383 2243 1468 2304 eoe‘
1508 2240 1653 2324 ipso
1682 2239 1995 2326 judicari
2025 2240 2260 2323 possit.

805 2325 885 2388 Ut
924 2346 1028 2388 res
1076 2347 1119 2387 a
1161 2346 1290 2387 sua
1333 2333 1543 2388 aetate
1581 2332 1861 2386 remotas
1904 2331 2231 2403 narraret,
2275 2321 2528 2386 Paulus
2556 2330 2714 2406 quot
2758 2329 2864 2384 uot

672 2410 833 2472 otuit
886 2407 1216 2471 subsidia.
1251 2410 1414 2472 satis
1476 2406 1823 2492 diliqenter
1886 2406 2245 2471 adhibuiffl.
2349 2405 2623 2470 Brevem
2694 2406 2708 2420 ⁶
2760 2427 2863 2468 am

615 2431 1214 2576 {anyobardorum
1258 2490 1599 2554 historiam
1637 2489 1939 2575 Oriqinis
1968 2491 2229 2554 nomine
2266 2491 2661 2574 inscriptam
2704 2489 2862 2552 inte-

623 2595 817 2661 9ram
861 2571 1017 2658 fere
1073 2575 1352 2657 recepit;
1418 2575 1613 2638 etiam
1673 2595 1839 2658 quae
1882 2572 2209 2657 fabulosa
2271 2575 2409 2657 ipsi
2471 2573 2867 2638 videbantur

623 2680 770 2723 cum
823 2655 1164 2721 lectoribus
1208 2659 1685 2722 communicare
1702 2703 1719 2738 ,
1779 2656 2334 2722 observationibus
2392 2658 2532 2722 suis
2589 2657 2861 2735 additis,

605 2740 733 2827 fas
777 2741 972 2806 duaeit
1014 2747 1048 2824 (
1051 2742 1104 2822 1,
1149 2739 1244 2822 8).
1337 2741 1497 2806 Cum
1540 2741 1643 2805 his
1688 2741 1959 2805 alteram
2002 2743 2351 2827 conjunxit
2392 2743 2863 2820 narrationem,

624 2848 792 2912 quae
879 2847 1108 2889 rorsus
1150 2826 1414 2890 diversa
1456 2825 1537 2889 de
1581 2825 1840 2889 sedibus
1883 2834 1941 2888 et
1982 2826 2376 2911 miyratione
2427 2826 2641 2910 yentis
2682 2823 2863 2887 illius

624 2847 926 2989 tradidit,
958 2909 1117 2972 haec
1145 2910 1318 2972 inter
1345 2932 1411 2973 se
1445 2931 1763 2995 puqnare
1790 2910 1907 2973 vioe
1936 2909 2466 2974 animadvertens
2492 2907 2591 2972 vel
2611 2929 2863 2992 parum

619 3015 892 3058 curans.
996 2993 1228 3058 Postea
1279 2995 1675 3077 praesertim
1733 2991 2027 3058 Secundi
2090 2994 2385 3077 episcopi
2448 2992 2865 3058 Tridentini8

625 3182 906 3235 tribunali’
949 3200 984 3234 a
1019 3181 1265 3248 Hauptio
1293 3191 1342 3234 et
1381 3181 1684 3234 Ditmmlero
1726 3179 1879 3248 (ΖΙ.
1922 3181 1993 3234 D.
2032 3180 2139 3233 Alc.
2178 3181 2315 3243 XII,
2332 3199 2396 3248 p.
2423 3181 2555 3247 460)
2597 3179 2730 3233 editi
2763 3181 2863 3232 huc

613 3257 938 3324 pertineant,
977 3255 1234 3308 incertum
1271 3263 1379 3316 θείς
1415 3273 1482 3307 ne
1520 3253 1685 3306 Pauli
1720 3272 1923 3324 nomen,
1946 3255 2157 3322 quidem
2194 3255 2453 3308 indicant.
2530 3251 2662 3308 Sine
2699 3269 2864 3306 causa

623 3347 745 3382 vero
805 3329 914 3382 Leo
977 3327 1227 3381 Ostiensis
1280 3327 1420 3380 idem
1457 3329 1524 3380 de
1564 3327 1779 3394 palatio
1830 3328 2204 3380 Beneventano
2252 3327 2417 3388 dimin
2462 3343 2513 3380 v.
2562 3327 2865 3380 Bethmann

545 3405 565 3424 ⁸
613 3420 678 3468 p.
719 3404 821 3454 251
873 3419 927 3454 n.
971 3404 1020 3452 1.
1187 3399 1243 3467 1)
1287 3399 1440 3462 Quod
1485 3401 1892 3466 Erchempertus
1944 3403 2053 3453 loco
2101 3417 2272 3468 supra
2322 3403 2483 3452 alla-to
2532 3400 2682 3464 dicit,
2731 3407 2865 3451 certe

627 3476 702 3526 ad
739 3473 950 3526 initium
985 3474 1137 3541 reqni
1181 3473 1402 3524 Batchis
1444 3475 1784 3540 referendum
1835 3481 1927 3528 est.
2012 3473 2159 3537 Quae
2206 3491 2328 3526 vero
2366 3475 2433 3526 de
2484 3490 2656 3525 eausa
2695 3473 2862 3535 addit,

625 3564 734 3613 qua
783 3548 990 3598 Paulus
1043 3547 1244 3598 adduci
1284 3547 1535 3612 potuerit,
1589 3555 1649 3598 ut
1687 3549 1949 3599 calamum
1987 3547 2083 3599 hoe
2120 3549 2228 3599 loco
2270 3547 2569 3614 deponeret,
2610 3547 2671 3598 in
2707 3561 2855 3597 mera

626 3621 926 3690 conjectura
961 3617 1268 3671 consistunt.
1418 3618 1477 3684 2)
1516 3619 1601 3671 De
1637 3617 1883 3688 fontibus
1932 3619 2183 3672 historiae
2219 3618 2704 3687 Langobardorum
2738 3617 2863 3670 dili-

621 3699 803 3762 qenter
852 3691 1100 3744 tractavit
1137 3692 1206 3744 R.
1245 3692 1429 3745 Jacobi
1463 3692 1737 3746 Haleneis.
1888 3695 1941 3755 3)
1982 3693 2070 3746 Ex
2119 3694 2295 3749 codice
2349 3692 2729 3760 Weinqartensi
2772 3693 2863 3743 hoc

626 3767 738 3834 ejus
776 3767 1136 3834 fragmentum
1185 3765 1260 3818 ad
1297 3784 1348 3818 a.
1388 3766 1513 3817 580.
1556 3765 1835 3832 pertinens
1884 3766 2051 3819 edidit
2097 3767 2327 3830 Bonelli‚
2376 3765 2588 3818 Notizie
2641 3764 2863 3817 storicke

626 3841 770 3893 della
806 3841 984 3892 chiesa
1021 3839 1080 3890 di
1126 3838 1314 3891 Prento
1354 3838 1464 3890 III
1493 3838 1719 3904 (Trento
1762 3839 1947 3906 1762),
1975 3858 2039 3907 p.
2078 3839 2215 3902 4835
2252 3840 2377 3892 inde
2424 3839 2617 3907 Trana,
2678 3838 2864 3892 Codice

625 3914 760 3979 dipl.
803 3913 904 3964 Nr.
944 3912 977 3961 8
991 3929 1010 3973 ,·
1048 3912 1364 3976 Betkmcmn,
1403 3911 1563 3966 Arch.
1611 3913 1677 3977 X,
1717 3930 1778 3980 p.
1810 3913 1950 3974 350‚·
1998 3912 2188 3964 Baudi
2236 3913 2297 3964 di
2344 3911 2539 3976 Vesme,
2590 3911 2769 3964 Edict.
2800 3929 2862 3977 p.

627 3985 787 4038 LXX
792 3986 888 4053 V)=
929 3987 976 4037 A
1014 3987 1275 4054 principio
1301 4001 1469 4052 usque
1498 3988 1568 4038 ad
1603 3987 1908 4053 passionem
1934 3987 2154 4039 Domini
2190 3991 2314 4039 sunt
2350 3987 2477 4036 anni
2503 3986 2665 4049 5229,
2703 4000 2863 4053 passo

629 4060 840 4112 Christo
889 4075 1060 4125 usque
1110 4061 1168 4110 in
1215 4065 1518 4127 presentem
1570 4075 1766 4110 annum
1812 4066 1935 4111 sunt
1985 4061 2090 4110 554
2111 4098 2125 4124 ,
2172 4065 2229 4112 et
2275 4077 2309 4110 a
2357 4065 2606 4126 presente
2655 4059 2863 4126 pascha

623 4135 776 4187 iuxta
830 4134 1089 4201 prophete
1161 4133 1446 4200 eloquium,
1517 4132 1811 4186 seeundum
1867 4134 2013 4199 quod
2070 4133 2302 4186 humane
2359 4131 2646 4198 fragilitati
2701 4131 2863 4181 datur

627 4222 820 4276 capere
868 4206 1220 4268 intellectum,
1271 4211 1476 4258 restant
1523 4205 1590 4256 de
1639 4207 1877 4273 presenti
1926 4206 2109 4258 seculo
2162 4208 2288 4258 anni
2327 4205 2451 4256 217.
2540 4205 2613 4255 Et
2660 4203 2715 4255 in
2759 4205 2860 4254 hoc

625 4297 787 4348 supra
822 4285 1114 4332 memorato
1154 4296 1292 4332 anno
1331 4280 1432 4331 fuit
1467 4279 1753 4343 bissextus,
1790 4279 2152 4334 residentibus
2188 4280 2245 4330 in
2282 4278 2447 4332 Italia
2483 4277 2861 4345 Longobardis

613 4363 749 4407 ann.
792 4355 875 4420 12,
915 4369 978 4406 eo
1018 4353 1161 4420 quod
1205 4352 1447 4406 secunda
1482 4351 1779 4405 indictione
1826 4354 1883 4404 in
1934 4369 1999 4404 ea
2047 4354 2277 4421 ingressi
2313 4357 2437 4404 sunt
2472 4365 2657 4404 mense
2694 4351 2860 4400 Maio.
