2984 4917
528 343 748 394 PAULI
786 344 1133 397 HISTORIA
1171 344 1844 399 LANGOBARDORUM.
1919 348 2063 400 LIB.
2102 350 2168 401 V.
2365 352 2467 403 1⁷⁷

503 515 526 541 *
542 510 638 574 IN
642 509 943 575 CIPIUN
944 510 999 574 T
1016 523 1043 554 ἃ
1088 511 1538 578 CAPITULA
1578 514 1820 578 LIBRI
1861 515 2190 595 QUINTI.

269 597 329 659 1.
418 594 755 676 Quomodo
802 593 1138 659 Grimuald
1152 598 1199 678 b,
1254 597 1624 662 confirmato
1643 610 1667 641 0
1709 620 1926 684 regn0,
1969 622 2238 664 uxorem
2280 601 2468 668 duxit

420 678 616 742 filiam
657 677 776 741 Ari
825 680 943 743 erti
984 681 1153 764 regis
1172 681 1220 744 ἃ.

261 763 327 826 2.
414 761 518 827 De
560 761 717 847 fuga
813 764 1087 845 erctarit,
1132 772 1195 828 et
1237 764 1560 850 quomodo
1604 766 1722 830 ade
1769 764 2214 831 Grimualdum
2255 790 2461 834 rever-

418 868 527 910 sus
574 856 671 911 est
711 854 775 911 et
814 847 1045 911 iterum
1087 847 1154 910 in
1196 847 1509 913 Franciaf
1550 849 1730 935 fugit.

260 930 326 994 3.
412 929 518 1078 ξε·
564 929 901 995 clementia
945 929 1303 995 Grimualdi
1343 934 1564 1018 regis&
1604 934 1671 996 in
1713 932 1952 998 Unulfo
1970 935 1997 976 ¹¹
2057 944 2120 998 et
2162 936 2458 1001 vestiario

470 1015 777 1079 erctariti.

262 1099 329 1161 4.
416 1097 801 1178 Quomodok
850 1097 1187 1163 Grimuald
1242 1098 1556 1164 Unulfum
1617 1111 1679 1165 et
1731 1101 2098 1165 vestiarium
2152 1102 2461 1169 Perctarit

415 1180 498 1244 ad
556 1181 859 1246 eundem¹
904 1183 1218 1247 Perctarit
1254 1184 1400 1247 irem
1444 1185 1748 1269 permisit.

260 1266 325 1328 ἶ).
413 1264 663 1329 Bellum
696 1265 1054 1330 Grimualdi
1081 1267 1466 1332 adversumn
1495 1267 1780 1332 Francos
1813 1280 1876 1334 et
1902 1270 2276 1333 victoriam⁰
2299 1273 2455 1336 eius.

256 1350 325 1414 6.
414 1349 751 1431 Quomodo
818 1349 1135 1415 Constans
1201 1361 1512 1437 augustus
1574 1351 1865 1415 Italiam?
1909 1353 2191 1436 venienS,
2255 1356 2456 1421 Bene-

413 1442 721 1498 ventum‘l
767 1433 1033 1499 obsedit.

258 1518 321 1581 7.
411 1516 749 1598 Quomodo
816 1516 1154 1582 Grimuald
1216 1519 1516 1584 invitatus
1581 1541 1619 1582 a
1681 1519 1810 1583 filio
1885 1542 2002 1586 suo
2067 1521 2457 1588 Romualdor

410 1600 845 1667 Beneventum
888 1601 1163 1666 advenit.

210 1724 262 1776 a)
297 1727 475 1776 Incipit
504 1727 545 1766 A
579 1730 634 1778 13
676 1730 716 1769 Ι.
750 1740 789 1771 c.
822 1729 878 1769 de
907 1729 1026 1769 libro
1060 1730 1141 1778 qui
1170 1730 1527 1779 superscriptum
1560 1734 1630 1769 est
1656 1730 1693 1769 F
1728 1733 1750 1770 1
1794 1731 1843 1770 in
1872 1731 2020 1770 ultimo
2042 1731 2160 1780 folio
2193 1731 2254 1785 (v.
2279 1744 2328 1782 p.
2365 1734 2450 1774 176

208 1797 261 1825 π.
298 1782 360 1836 e).
392 1787 429 1825 B
463 1787 487 1825 1
522 1793 775 1837 aryumema
815 1789 880 1827 ita
920 1789 1069 1828 habet:
1115 1788 1446 1837 Incipiunt
1487 1789 1763 1838 capitula
1804 1790 1953 1829 libri
1987 1791 2206 1839 quinti.
2272 1791 2450 1832 Grime-

210 1844 353 1883 aldus
394 1846 516 1894 regis
554 1846 697 1886 filiam
740 1849 872 1887 duxit
914 1857 1121 1889 uxorem.
1211 1848 1425 1886 Betthari
1463 1848 1523 1886 ad
1566 1847 1833 1888 Grimoaldo
1874 1850 2134 1890 revertitur.
2212 1850 2450 1898 Quomodo

209 1904 401 1943 Bertari
445 1905 694 1954 requisitus
735 1917 829 1946 non
870 1907 1117 1946 invenitur.
1180 1906 1375 1947 Unulfus
1407 1909 1453 1945 et
1482 1907 1727 1946 vestiarius
1760 1908 1936 1947 dimissi
1969 1917 1997 1946 a
2026 1909 2209 1948 Bertari
2239 1915 2448 1959 pergunt.

207 1963 501 2002 Francorum
544 1967 773 2004 exercitus
814 1967 865 2005 in
903 1966 1041 2004 Italia
1082 1975 1111 2005 a
1147 1965 1330 2004 Bertari
1372 1965 1557 2004 invitati
1605 1965 1811 2006 devictus
1854 1968 1936 2006 est.
2013 1965 2340 2008 Constantinus
2373 1979 2450 2009 au·

2483 534 2500 554 ‘
2509 549 2558 590 p.
2594 540 2696 586 140.

204 2025 372 2071 gustus
402 2032 541 2071 super
568 2023 715 2072 Lang.
750 2025 891 2064 venit.
952 2026 1187 2072 Augustus
1217 2024 1534 2063 Beneventum
1580 2025 1771 2065 obsedit.
1834 2024 1954 2071 Quia
1985 2023 2227 2065 Sisualdus
2258 2027 2451 2069 falsitati
2493 2051 2503 2058 -
2528 2020 2562 2055 '³'
2588 1999 2596 2016 .

208 2090 308 2120 non
342 2081 559 2133 adsensit,
592 2084 771 2122 occisus
812 2087 897 2124 est.
972 2083 1112 2132 Fugit
1142 2084 1379 2131 inperator
1421 2082 1739 2122 Grimoaldum
1784 2083 1906 2130 regis
1948 2083 2162 2125 adventu.
2223 2083 2451 2126 Saburrus

207 2140 417 2180 directus
450 2140 507 2179 ab
551 2144 743 2190 augusto
776 2153 806 2182 a
834 2130 1059 2184 Rgmoald
1098 2142 1248 2181 victus
1291 2143 1374 2181 est.
1436 2143 1693 2181 Devastata
1733 2142 1894 2193 Roma,
1937 2140 2101 2181 Sicilia
2141 2142 2326 2195 afflicta,
2371 2154 2450 2184 au-

204 2201 373 2248 gustus
406 2209 434 2238 a
463 2200 559 2240 suis
604 2201 843 2242 occiditur.
905 2201 1151 2240 Metentius
1190 2200 1443 2249 imperator
1483 2199 1632 2239 factus
1672 2200 1731 2239 ad
1771 2201 1907 2240 Italie
1949 2200 2173 2240 militibus
2219 2211 2321 2242 cum
2352 2204 2448 2243 suis

206 2257 453 2297 occiditur.
518 2258 764 2300 Sarraceni
795 2259 962 2300 Sicilia
993 2259 1299 2300 invasserant.
1361 2257 1618 2299 Grimoaldi
1649 2258 1830 2300 obsides
1861 2259 1984 2307 regis
2015 2259 2114 2299 fllia
2145 2261 2255 2300 data
2286 2259 2449 2301 Sicilia

204 2317 422 2358 moritur.
483 2318 585 2357 Hoc
615 2323 822 2368 tempore
862 2319 1003 2358 multe
1044 2318 1201 2366 pluvie
1234 2320 1280 2356 et
1309 2316 1505 2365 fulgore.
1577 2318 1737 2367 Erepti
1765 2319 2086 2358 Beneventani
2119 2328 2146 2357 a
2179 2317 2446 2360 Grimoaldo

206 2385 338 2424 rege.
430 2376 486 2416 In
526 2377 755 2418 Foroiulii
794 2381 903 2428 post
946 2375 1159 2417 Grasulfo
1190 2375 1333 2429 Agus,
1380 2376 1547 2415 deinde
1577 2376 1749 2426 Lupus.
1843 2376 2138 2416 Grimoaldus
2183 2387 2266 2418 rex
2308 2389 2449 2428 super

204 2435 397 2484 Lupum
438 2436 599 2475 ducem
640 2437 818 2477 Avaros
858 2437 1038 2478 invitat.
1129 2435 1292 2476 Occiso
1335 2435 1466 2484 Lupo
1511 2435 1642 2486 duce,
1685 2434 1829 2475 Avari
1859 2437 2148 2476 Foroiulium
2194 2438 2446 2486 possident.

205 2493 507 2534 Grimoaldus
538 2495 586 2534 in
620 2494 775 2535 Genus
816 2505 973 2544 pugna
1002 2505 1185 2544 parans,
1217 2494 1473 2534 Avarorum
1506 2494 1758 2534 exercitum
1787 2494 1932 2543 fugat.
1993 2495 2313 2536 warnefridus
2345 2507 2450 2536 cum

203 2552 377 2592 Avaris
420 2554 545 2602 apud
574 2554 745 2595 Nemas
787 2558 987 2594 castrum
1028 2554 1265 2593 occiditur.
1355 2553 1534 2594 Wetari
1575 2553 1669 2592 dux
1711 2564 1814 2593 cum
1845 2551 2026 2593 Sclavis
2067 2554 2294 2594 dimicans
2323 2556 2450 2597 vicit.

202 2613 321 2651 Post
350 2611 529 2652 Wetari
558 2613 775 2665 Laudari,
814 2617 977 2662 postea
1006 2613 1269 2652 Rodoaldus
1301 2612 1408 2651 dux.
1469 2612 1572 2651 Rex
1601 2611 1724 2661 Lupi
1766 2612 1910 2652 filiam
1940 2612 2202 2652 Rumualdo
2234 2624 2319 2653 suo
2349 2613 2447 2654 filio

200 2680 402 2710 uxorem
434 2671 573 2711 dedit.
664 2672 737 2711 De
778 2673 874 2712 suis
918 2671 1179 2711 infidelibus
1212 2681 1295 2710 rex
1340 2671 1597 2710 ulciscitur.
1687 2671 1858 2710 Forum
1887 2671 2055 2721 Populi
2094 2673 2285 2722 eiusque
2317 2671 2448 2713 habi·

204 2732 383 2770 tatores
416 2741 498 2770 rex
529 2731 732 2778 graviter
770 2731 940 2775 atrivit,
1030 2732 1227 2780 Propter
1267 2730 1520 2770 vindictam
1561 2729 1754 2769 fratrum
1787 2739 1815 2769 a
1845 2731 2065 2770 Romanis
2107 2732 2272 2770 occisis
2305 2733 2450 2772 multa

202 2792 373 2828 eontra
404 2799 483 2828 eos
515 2791 736 2830 exercuit.
828 2790 1051 2838 Bulgares
1085 2788 1380 2830 Grimoaldus
1424 2789 1547 2838 apud
1577 2791 1895 2830 Beneventum
1927 2790 2137 2829 collocat.
2227 2792 2446 2830 Extincto

202 2849 441 2888 Mecentio
470 2848 669 2900 tirann0,
702 2849 1032 2889 Constantinus
1063 2849 1314 2898 imperator
1344 2847 1560 2888 efficitur.
1621 2846 1765 2888 Stella
1807 2850 1996 2903 cometis
2041 2852 2310 2902 apparente,
2343 2849 2446 2890 sub-

202 2909 420 2958 sequitur
458 2918 628 2956 magna
666 2909 939 2947 mortalitas.
1031 2906 1327 2948 Grimoaldus
1373 2917 1476 2947 cum
1506 2907 1770 2956 Dagoberto
1812 2916 1920 2954 rege
1961 2908 2244 2947 Francorum
2284 2918 2447 2958 pacem

202 2969 343 3015 fecit3
383 2966 545 3006 fraude
586 2967 868 3006 medicorum
909 2967 1114 3006 moritur.
1190 2967 1332 3006 Berta
1360 2967 1618 3006 revertitur.
1696 2966 1910 3005 Ber-thari
1940 2965 2269 3007 chunibertum
2301 2967 2448 3006 fllium

204 3029 257 3068 in
289 3035 487 3074 regnum
518 3026 699 3066 asotiat.
770 3026 989 3075 Nequitia
1020 3025 1205 3064 Alachis
1248 3028 1407 3064 contra
1437 3025 1784 3064 chunibertum.
1855 3024 2162 3064 chunibertus
2192 3024 2448 3073 Anglorum

206 3096 385 3136 genere
417 3085 549 3124 duxit
577 3094 785 3124 uxorem.
876 3083 1065 3123 Alachis
1097 3083 1367 3124 Chuniberti
1404 3083 1630 3132 palatium
1671 3082 1842 3121 invasit
1872 3085 1918 3121 et
1948 3083 2205 3123 rebellavit.
2296 3083 2448 3124 Verba

205 3145 347 3197 pueri
376 3144 457 3193 qui
481 3143 710 3183 Aldonem
741 3146 787 3184 et
817 3141 1106 3183 Grausonem
1135 3141 1434 3190 perturbavit.
1494 3142 1553 3180 In
1584 3140 1814 3181 coronate
1845 3151 2003 3190 pugna
2035 3142 2281 3181 comititur.
2343 3142 2444 3181 Ex-

202 3204 480 3256 pliciunt
512 3203 792 3252 capitula.
866 3201 1090 3251 Incipit
1128 3200 1289 3240 liber
1327 3204 1373 3239 V.
1421 3221 1472 3228 —
1508 3199 1550 3238 A
1581 3201 1606 3240 6
1647 3199 1710 3238 ita
1741 3200 1884 3238 hahet:
1927 3201 1969 3242 1.
2001 3199 2238 3247 Quomodo
2271 3199 2447 3240 Grime-

205 3264 287 3304 ald
320 3260 617 3302 confirmatur
647 3262 695 3300 in
728 3271 885 3310 regno.
962 3261 1002 3300 2.
1034 3261 1107 3301 De
1137 3257 1248 3307 fuga
1276 3259 1477 3298 Pertarit
1514 3259 1565 3297 in
1609 3256 1770 3308 Sithia,
1803 3261 1850 3298 et
1889 3259 2118 3307 quomodo
2153 3257 2445 3298 Grimoaldus

204 3323 269 3364 ad
300 3330 456 3370 regem
489 3331 709 3360 cacanum
739 3320 878 3371 misit,
907 3322 959 3359 ut
990 3329 1096 3358 eum
1129 3318 1385 3368 expelleret
1416 3318 1473 3357 de
1505 3327 1591 3357 sua
1620 3317 1818 3368 civitate,
1851 3321 1898 3356 et
1927 3317 1984 3358 de
2014 3317 2249 3367 provintia
2279 3316 2444 3370 Sithia,

202 3385 252 3423 et
294 3390 441 3430 quare
486 3380 595 3419 dicti
637 3383 743 3418 sunt
781 3377 937 3420 Seithe
968 3379 1243 3429 Massageta,
1289 3379 1335 3416 et
1362 3376 1600 3427 Hircania,
1643 3379 1690 3416 et
1718 3376 1925 3427 Hiroani,
1971 3379 2017 3415 et
2056 3376 2180 3415 unde
2223 3376 2446 3416 Armenia

202 3440 392 3490 dicitur,
439 3441 485 3478 et
527 3438 719 3478 Hiberia
763 3438 885 3478 unde
925 3437 1105 3487 dicitur,
1148 3440 1194 3476 et
1233 3435 1435 3475 Albania
1470 3434 1594 3475 unde
1641 3435 1824 3476 dicitur.
1914 3435 1954 3474 3.
1987 3435 2226 3482 Quomodo
2264 3435 2446 3475 Pertari

203 3501 469 3542 revertente
518 3497 578 3537 ad
608 3496 930 3537 Grimoaldum
974 3505 1131 3544 regem
1172 3495 1297 3534 misit
1334 3494 1559 3535 Unulfum
1605 3492 1789 3533 fidelem
1829 3504 1963 3533 suum
2003 3493 2061 3533 ad
2103 3504 2210 3534 eum
2253 3497 2360 3534 ante
2393 3504 2442 3534 se

200 3564 295 3610 eta,
330 3567 442 3606 quae
472 3555 702 3596 exscribere
742 3556 913 3605 lonqum
944 3559 1051 3595 erat.
1089 3575 1139 3583 —
1173 3555 1210 3592 F
1229 3555 1254 3593 2
1284 3553 1377 3592 ita:
1420 3552 1658 3593 Grimoald
1688 3553 1813 3601 regis
1844 3552 1988 3592 filiam
2019 3563 2202 3592 sumens
2234 3563 2444 3605 uxorem,

201 3617 385 3669 pariter
422 3615 675 3656 exercitum
714 3615 773 3654 ad
812 3615 1002 3664 propria
1042 3613 1231 3654 remisit.
1334 3612 1422 3651 Hic
1462 3611 1693 3651 Pertarith
1737 3611 1795 3650 ad
1837 3610 2155 3652 Grimoaldum
2198 3612 2444 3652 revertitur

202 3675 379 3718 insidia
410 3675 572 3714 ductus
604 3671 817 3726 (doctus).
880 3673 1117 3721 Quomodo
1148 3671 1378 3712 pertarith
1418 3671 1660 3720 requirunt
1690 3680 1785 3709 non
1814 3670 2122 3712 invenientes.
2183 3671 2295 3710 Post
2324 3671 2443 3711 haee

202 3733 410 3778 Uuulfus
442 3744 546 3774 cum
583 3732 803 3772 vestiario
835 3742 865 3771 a
894 3741 1000 3780 rege
1047 3731 1263 3770 dimissus
1294 3733 1367 3771 etc.
1402 3751 1454 3761 -
1493 3729 1628 3769 Totus
1657 3729 1784 3768 inda
1813 3729 2024 3769 omittitur
2053 3728 2096 3770 A
2126 3725 2188 3770 *2.
2220 3731 2258 3770 Β
2295 3732 2365 3770 2a.
2397 3730 2440 3770 3.

202 3797 244 3835 E
276 3795 321 3837 4.
351 3793 389 3832 F
423 3792 465 3832 3.
501 3792 542 3832 G
572 3791 645 3832 5b.
724 3791 780 3830 In
812 3790 853 3830 G
886 3792 908 3828 1
930 3790 1049 3840 solio
1093 3790 1229 3829 adso
1271 3793 1526 3838 arqumenta
1555 3799 1592 3828 c.
1627 3789 1783 3827 1-21.
1816 3789 1983 3831 desunt.
2098 3786 2148 3839 b)
2182 3787 2442 3830 Grimwald

200 3863 372 3902 emmer
404 3849 524 3893 (ΓΞ.
544 3851 597 3900 23
621 3855 775 3899 postea
806 3849 932 3889 etiam
964 3848 1064 3890 Gl.
1186 3846 1227 3900 c)
1263 3847 1559 3889 confirmatus
1590 3849 1660 3886 est
1688 3846 1739 3886 in
1770 3857 1806 3886 r.
1841 3847 1891 3888 G.
1911 3847 1991 3888 11.
2114 3844 2161 3899 d)
2193 3848 2305 3887 decet
2336 3847 2442 3889 111.

202 3911 253 3964 e)
287 3923 317 3952 a
346 3912 383 3950 F
416 3913 457 3951 1.
608 3909 643 3959 f)
675 3909 843 3949 Fracia
884 3907 926 3947 A
960 3909 1001 3949 1.
1046 3909 1085 3948 F.
1120 3909 1168 3957 13
1213 3908 1265 3948 it.
1311 3906 1483 3946 faciam
1513 3906 1550 3945 F
1584 3907 1638 3955 13
1682 3905 1736 3946 it.
1767 3906 1991 3945 Fauciam
2033 3916 2148 3948 corr.
2194 3906 2442 3946 Franciam

209 3971 253 4012 G
283 3970 327 4022 3,
372 3975 409 4009 et
439 3969 504 4008 ita
550 3967 592 4009 G
622 3965 685 4009 ’2.
722 3969 769 4017 23
817 3969 867 4009 it.
914 3968 963 4007 in
1000 3964 1304 4018 Frant(e)iam
1349 3965 1389 4005 A
1425 3966 1465 4004 2.
1513 3965 1548 4006 G
1582 3965 1624 4003 1.
1657 3964 1700 4002 D
1735 3966 1772 4003 1.
1806 3965 1846 4005 2.
1883 3965 1924 4005 3.
1959 3965 1998 4005 G
2030 3965 2113 4014 5a;
2156 3965 2205 4004 in
2237 3964 2443 4004 infancia

202 4031 249 4070 D
283 4025 386 4078 ’δας
418 4038 448 4069 a
478 4027 599 4068 facie
629 4028 729 4068 eius
760 4027 796 4066 Γ
828 4026 873 4067 5.
994 4024 1040 4078 g)
1072 4026 1183 4065 deest
1211 4026 1254 4064 D
1287 4025 1327 4066 2.
1358 4024 1399 4066 3.
1533 4021 1582 4074 h)
1615 4022 1820 4063 Hunulfo
1851 4025 1894 4062 D
1927 4023 1969 4064 2.
2003 4023 2047 4063 3.
2168 4021 2202 4073 i)
2233 4023 2285 4062 P.
2319 4022 2441 4071 regis

205 4091 251 4129 D
274 4089 316 4129 2.
349 4088 393 4130 3.
525 4084 574 4137 k)
607 4086 844 4133 Quomodo
880 4106 933 4115 —-
963 4085 1192 4125 Perctarit
1233 4085 1317 4126 dee.
1350 4082 1386 4122 Ο
1416 4079 1476 4122 ’1.
1612 4079 1648 4132 1)
1677 4093 1783 4123 eum
1811 4083 1864 4124 F.
1897 4081 1964 4132 ῦς
2008 4083 2059 4124 P.
2103 4082 2215 4120 deest
2244 4082 2286 4120 D
2321 4081 2364 4120 2.
2398 4080 2439 4124 3.

209 4147 277 4196 G3
310 4147 371 4186 ad
400 4156 441 4186 e.
470 4146 525 4188 P.
572 4145 659 4187 des.
689 4143 731 4184 A
762 4145 804 4186 3.
952 4141 1015 4194 m)
1048 4144 1100 4185 P.
1147 4145 1364 4192 nepotem
1406 4142 1444 4180 1³
1479 4142 1520 4191 1,
1565 4140 1640 4180 ubi
1668 4141 1699 4181 i.
1733 4152 1778 4190 p.
1824 4141 1992 4180 desunt.
2141 4137 2190 4191 n)
2221 4139 2441 4179 adversus

206 4208 269 4246 D.
302 4205 356 4246 F.
390 4204 447 4246 G.
569 4202 615 4255 ο)
643 4204 838 4245 victoria
867 4200 908 4241 A
940 4202 982 4243 3.
1013 4203 1056 4241 D
1089 4203 1129 4242 2.
1165 4202 1208 4243 3.
1241 4201 1279 4240 F
1310 4200 1353 4242 5.
1385 4201 1474 4248 113
1506 4200 1564 4240 de
1593 4200 1790 4240 victoria
1822 4199 1948 4241 G5e.
1985 4221 2038 4230 -
2069 4199 2168 4239 eius
2199 4198 2310 4238 dom
2343 4197 2443 4238 Gn.

203 4263 257 4316 p)
290 4264 429 4304 Italia
461 4261 503 4304 G
534 4264 575 4307 2,
724 4260 771 4314 q)
802 4263 1079 4303 Berrentum
1124 4259 1166 4300 G
1196 4260 1239 4305 3.
1387 4257 1425 4311 r)
1458 4258 1716 4300 Rimwaldo
1748 4270 1860 4300 corr.
1893 4257 2179 4309 Rumwaldo,
2218 4261 2256 4296 et
2285 4257 2349 4297 ita
2379 4255 2448 4296 vel

205 4323 449 4364 Romwald
473 4327 625 4373 postea
658 4320 700 4363 G
732 4323 772 4364 2.
806 4343 857 4352 -
889 4321 1163 4362 Beneventu
1191 4320 1229 4360 F
1262 4321 1301 4362 1.

1916 4402 1982 4451 12

2536 2025 2547 2030 μ
2643 2013 2655 2023 Ἰ
2799 2023 2812 2031 4

2504 2057 2666 2109 uem
2817 2073 2830 2090 ,.
2851 2063 2862 2086 ·=

2567 2111 2591 2156 „f
2802 2131 2811 2146 ,
2837 2131 2850 2147 .
