2984 4917
760 345 1214 396 EPITAPHIUM
1253 344 1486 396 ANSAE
1524 343 1869 395 REGINAE.
2331 344 2435 396 249

198 512 383 575 ducis
434 510 914 592 Beneventani,
960 514 1151 598 cujus
1196 514 1397 577 uxori
1449 512 1889 597 Adelperyae,
1945 511 2168 575 Ansae
2208 510 2435 595 filiae,

179 594 655 679 familiaritate
711 597 1095 680 conjunctus
1140 605 1312 677 erat,
1371 596 1468 659 vel
1512 598 1585 660 in
1628 596 1845 659 vicino
1887 595 2281 659 monasterio
2317 594 2436 661 C'a-

195 680 446 743 sinensi
488 678 684 764 deyit,
727 679 1020 743 ‘nondum-
1052 679 1298 744 Karolo
1341 682 1484 765 reyi
1524 679 1905 743 addid-usk·
1969 679 2145 743 Huic
2177 680 2437 762 quidem

197 772 315 826 tem
366 764 469 826 ori
528 763 920 827 conveniunt
965 785 1132 848 quae
1176 764 1253 827 de
1282 762 1561 845 filiabus
1609 762 1699 826 ad
1743 761 2090 844 Aufidum,
2133 762 2435 827 Rhenum

198 856 254 907 et
332 854 554 927 strum,
618 847 664 909 i.
711 870 761 910 e.
807 847 963 910 duci
1011 847 1493 927 Beneventano,
1538 849 1684 932 reyi
1725 846 2136 910 Francorum
2180 854 2238 908 et
2280 846 2435 913 duci

197 930 671 994 Baioariorum
700 932 925 1013 nuptis
955 939 1012 993 et
1053 931 1131 995 de
1167 929 1334 994 Adel
1379 933 1477 995 iso
1524 929 1925 993 ‘Bardorum
1966 952 2078 1013 spe
2120 931 2435 995 maxima'

194 1013 530 1098 legantur,
628 1036 750 1077 uae
810 1022 972 1077 certe
1029 1013 1274 1077 Paulus
1328 953 1539 1078 dicere
1583 1036 1715 1077 non
1758 1022 2037 1097 poterat,
2087 1022 2436 1099 postquam

195 1098 267 1159 i‘n
325 1097 550 1160 aulam
658 1097 830 1162 aroli
886 1100 1077 1178 venit,
1138 1100 1250 1181 qui
1293 1096 1629 1162 Desiderii
1685 1106 1912 1160 natam
1969 1097 2437 1181 repudiaverat

195 1203 274 1243 ne
315 1202 394 1245 ue
442 1180 912 1266 Lanyobardis
964 1180 1164 1245 ullam
1209 1203 1386 1264 spem
1441 1182 1617 1267 reyis
1676 1202 1757 1243 ea·
1805 1202 2037 1265 yenere
2099 1180 2437 1247 Desideria·

197 1203 566 1349 relqiquerat.
2094 1261 2171 1326 G.
2216 1264 2307 1329 W.

301 1418 588 1485 SUPER
634 1416 1168 1485 SEPULCRUM
1210 1417 1594 1484 DOMNAE
1638 1417 1870 1484 ANSE
1912 1417 2333 1483 REGINAE.

359 1520 597 1585 Lactea
640 1519 1013 1605 splendifico
1057 1543 1220 1608 quae
1262 1520 1450 1606 fulgit
1490 1519 1718 1585 tumba
1758 1518 2013 1585 metallo

365 1602 786 1669 Reddendum
833 1605 1217 1704 quandoque
1259 1614 1433 1670 tenet
1473 1602 1792 1668 laudabile
1837 1624 2088 1689 corpus·

360 1688 488 1751 Hic
531 1709 809 1774 namque
853 1690 1127 1752 Ausonil
1170 1689 1403 1752 coniux
1448 1686 1873 1774 pulcherrima
1916 1688 2084 1771 regis

363 1770 542 1835 Ansa
583 1772 768 1852 iacet,
812 1781 1017 1837 totum
1063 1793 1315 1858 semper
1355 1772 1606 1837 victura
1648 1793 1765 1857 per
1809 1772 2029 1835 orbem
2116 1780 2127 1795 “

365 1854 660 1919 Famosis
702 1856 964 1937 meritiS,
1009 1856 1164 1919 dum
1207 1853 1464 1919 stabunt
1506 1854 1747 1939 templa
1788 1854 2117 1936 Tonantis,

358 1938 534 2002 Dum
575 1936 761 2002 fiores
806 1962 840 2003 e
858 1949 884 1981 ⁸
928 1939 1129 2022 ἴθι-τίει,
1176 1940 1328 2003 dum
1370 1938 1587 2002 lumen
1630 1941 1711 2001 ab
1758 1937 2010 2002 aethere
2055 1939 2277 2023 surgit.

359 2021 542 2086 Haec
585 2023 859 2107 patriam
901 2020 1083 2087 bellis
1127 2020 1403 2087 laceram
1447 2022 1833 2107 iamiamque
1876 2030 2165 2085 ruentem

359 2104 676 2191 Compare
721 2128 870 2170 cum
914 2128 1150 2191 magno
1193 2105 1480 2170 relevans
1526 2103 1834 2169 stabilivit
1876 2115 1940 2169 et
1980 2105 2179 2168 auxit.

354 2187 628 2253 Protulit
666 2189 824 2253 haec
865 2189 1070 2271 nobiS,
1115 2192 1296 2274 regni
1340 2191 1449 2275 qui
1493 2198 1744 2273 sceptra
1786 2198 2045 2269 teneret,

352 2269 664 2357 Adelgisb
707 2295 1032 2358 magnum,
1077 2273 1405 2359 formaque
1447 2272 1792 2357 animoque
1834 2280 2178 2369 potentem,

361 2355 474 2418 *In
519 2377 645 2441 quo
688 2379 806 2442 per
849 2356 1177 2422 Christum
1221 2356 1450 2421 Bardis
1494 2378 1643 2441 spes
1685 2377 1969 2418 maxlma
2011 2354 2261 2419 mansit.
2446 2361 2526 2417 ‘1²-
2558 2366 2657 2407 1⁹²·

354 2439 576 2503 Fortia
617 2451 908 2505 natarum
951 2440 1247 2505 thalamis
1291 2440 1411 2505 sibi
1453 2449 1718 2525 pectora
1760 2439 1988 2519 iunxit,

354 2522 678 2587 Discissos
720 2533 999 2605 nectenS,
1044 2524 1306 2610 rapidus
1352 2544 1513 2609 quos
1557 2521 1829 2585 Aufidus
1873 2522 2093 2601 ambit,

354 2606 545 2670 Pacis
587 2628 802 2671 amore
845 2606 1074 2692 liganS,
1117 2609 1380 2692 cingunt
1425 2618 1627 2692 quosc
1668 2606 1884 2670 Renus
1930 2616 1993 2669 et
2034 2606 2272 2670 Hister.

355 2689 528 2770 Quin
569 2690 760 2755 etiam
803 2700 1060 2755 aeterno
1104 2691 1339 2755 mansit
1381 2712 1498 2754 sua
1590 2690 1749 2753 ortio
1793 2690 1977 2775 Regi,

355 2773 662 2858 Virgineo
709 2796 737 2837 s
785 2772 1045 2839 lendore
1087 2776 1350 2855 micans»,
1392 2774 1490 2838 his
1581 2773 1753 2837 edita
1794 2773 2049 2858 templis
2068 2785 2112 2837 ².

354 2855 647 2922 Cultibus
775 2858 1030 2922 tithroni
1076 2868 1343 2945 quantas
1385 2856 1746 2921 fimdaverit
1786 2856 1995 2938 aedeS,

356 2942 660 3026 Quasque
703 2941 1064 3027 frequentat
1105 2964 1317 3028 egenS,
1363 2940 1591 3026 pandit
1631 2941 1793 3004 bene
1837 2962 2055 3003 rumor
2096 2940 2354 3026 ubique.

356 3021 634 3088 Securus
678 3025 806 3087 iam
852 3047 1043 3111 carpe
1084 3028 1280 3105 viam,
1371 3024 1700 3107 eregrinus
1744 3023 1825 3087 ab
1872 3024 1999 3085 oris

355 3107 660 3172 Occiduis
705 3109 994 3195 quisquis
1037 3130 1318 3173 veneran
1365 3108 1386 3170 i
1430 3104 1708 3170 culmina
1749 3106 1925 3170 Petri

357 3189 878 3277 Garganiamque
919 3192 1083 3290 petis
1125 3214 1354 3278 rupem
1397 3186 1776 3255 venerabilis
1820 3190 2004 3252 antri.

353 3272 566 3338 Huius
609 3274 689 3339 ab
737 3275 976 3339 auxiho
1021 3286 1197 3340 tutus
1238 3296 1366 3339 non
1409 3272 1536 3338 tela
1577 3272 1855 3353 latroniS,

351 3357 622 3442 Frigora
663 3358 765 3423 vel
808 3357 1061 3423 nimbos
1103 3360 1287 3424 furva
1330 3357 1448 3423 sub
1491 3368 1679 3421 nocte
1720 3355 2002 3420 timebis:

349 3440 589 3526 Ampla
632 3441 819 3506 simul
861 3464 1009 3505 nam
1051 3452 1217 3507 tecta
1259 3441 1377 3507 tibi
1418 3451 1799 3526 pastumque
1838 3439 2110 3588 paravit.

350 3522 545 3588 Plura
585 3524 762 3610 loqui
804 3526 1070 3590 invitam
1112 3525 1389 3591 brevitas
1433 3533 1610 3588 vetat
1650 3524 1836 3609 inpro
1884 3542 1923 3583 a
1963 3521 2282 3607 linguam3

354 3605 749 3672 Concludam
791 3611 1046 3694 paucis:
1095 3608 1398 3695 quicquid
1441 3608 1679 3694 pietate
1720 3604 2056 3687 redundat,

351 3690 677 3778 Quicquid
721 3702 932 3757 mente
976 3694 1195 3773 micat,
1231 3703 1559 3779 gestorum
1602 3700 1716 3754 aut
1754 3688 1897 3753 luce
1943 3699 2252 3773 coruscat,

345 3773 426 3838 In
467 3785 531 3839 te
576 3786 808 3839 cuncta
855 3775 1061 3859 simul,
1104 3774 1353 3861 fulgens
1395 3776 1638 3859 regina,
1680 3771 1995 3837 manebat.

157 3900 214 3952 a.)
255 3926 266 3939 .
293 3930 304 3940 .
325 3910 350 3941 e
381 3900 474 3941 cod.
596 3900 644 3953 b)
678 3912 707 3951 g
738 3913 758 3941 c
789 3914 903 3943 corr.
936 3915 970 3943 c.
1095 3902 1136 3954 c)
1170 3904 1232 3942 ita
1265 3902 1422 3942 emend.
1455 3902 1630 3951 Haupt;
1663 3899 1894 3939 chorentis
1926 3909 1959 3937 c.

163 3995 229 4061 1)
277 3992 362 4061 Cf·
403 4012 571 4063 supra
608 4013 662 4063 p.
703 3998 754 4049 4.
947 3995 1006 4065 2)
1044 3998 1436 4065 Anselberqam‚
1490 3994 1811 4047 abbatissam
1847 3991 2153 4045 monasterii
2189 3990 2247 4043 S.
2286 3990 2408 4042 Sal-

155 4069 376 4123 vatoris
407 4069 666 4120 Brixiani
705 4086 738 4120 a
763 4068 1043 4123 Desiderio
1083 4080 1129 4123 et
1168 4068 1320 4121 Ama
1340 4067 1587 4136 fundati,
1627 4074 1684 4119 ut
1720 4066 1957 4133 diploma
1994 4083 2045 4116 a.
2088 4066 2208 4127 ⁷69,
2250 4062 2397 4115 Mon.

137 4150 317 4211 patr.
357 4141 523 4206 XIII,
569 4144 656 4205 70,
696 4142 859 4206 docet,
897 4142 1133 4212 intelliqi,
1169 4142 1364 4209 Haupt
1400 4140 1617 4194 monuit.
