2984 4917
559 424 630 475 34
1021 418 1243 471 PAULI
1282 416 1633 471 HISTORIA
1671 412 2342 470 LANGOBARDORUM.

561 611 682 676 que
711 598 926 652 tamen
957 609 1036 651 eoe
1065 586 1176 651 illo
1208 587 1541 670 descripta
1566 608 1697 649 esse
1713 594 2014 669 possunt,
2037 587 2135 649 ita
2158 594 2229 649 ut
2252 586 2447 649 etiam
2472 587 2576 651 hic
2600 587 2809 653 codem

559 683 747 737 trans
776 670 979 756 Alpes
1011 669 1316 734 advectus
1339 691 1470 734 esse
1500 670 1586 733 sit
1612 666 1991 734 censendus.
2064 668 2456 754 Scripturae
2482 673 2804 757 specimen

559 758 707 822 vide
747 756 821 819 in
865 754 1091 818 tabula
1131 754 1185 817 Ι.
1231 753 1381 817 edit.
1425 754 1584 839 maj.

730 838 916 903 Alios
945 859 1095 901 vero
1124 838 1324 923 hujus
1370 836 1601 901 classis
1645 845 1951 922 quotquot
1989 844 2247 901 eoestant
2290 838 2540 902 codices
2568 860 2649 901 eoe
2676 839 2747 901 F
2769 841 2803 901 1

563 948 628 989 re
678 921 936 988 etendos
965 942 1119 1001 esse,
1163 930 1593 985 correctorum
1622 929 1813 985 notae
1844 920 2189 984 ostendunt
2216 941 2297 984 eoe
2326 924 2473 1005 ipso
2501 932 2807 1007 receptae

560 1018 618 1073 et
671 1007 911 1092 onyius
929 1013 1373 1089 propagatae.
1460 1004 1569 1068 Eae
1615 1005 1849 1089 quibus
1880 1003 2009 1068 duo
2040 1004 2113 1067 in
2142 1006 2537 1069 monasterio
2568 1004 2809 1071 Sancti

563 1089 746 1155 Galli
787 1090 922 1153 scri
971 1090 1022 1152 ti
1063 1096 1253 1152 sunt:

729 1170 869 1262 (54)
1000 1173 1100 1234 1⁸.
1197 1169 1361 1237 San
1434 1168 1778 1235 allensis
1842 1170 1965 1233 Nr.
2022 1170 2164 1254 620,
2232 1172 2488 1237 membr.
2531 1172 2691 1320 gol„
2754 1196 2805 1241 s.

560 1257 712 1322 XII.
759 1278 880 1338 ea„
937 1255 1050 1319 ubi
1101 1256 1274 1318 inter
1329 1277 1370 1317 a
1399 1255 1472 1318 ia
1528 1276 1731 1339 opera
1772 1254 1974 1319 Pauli
2031 1255 2307 1321 historia
2330 1254 2409 1339 f·
2445 1256 2530 1320 25
2572 1255 2805 1321 ⁴272.

561 1343 802 1427 leqitur
855 1340 976 1487 ςοζ.
1039 1338 1380 1403 Scherreri
1435 1338 1715 1423 cataloq.
1756 1361 1833 1423 p.
1879 1337 2059 1419 201).
2153 1338 2414 1403 Indices
2469 1342 2544 1404 in
2598 1364 2810 1405 unum

562 1425 804 1490 collecti
883 1425 907 1486 i
947 1444 1022 1487 ro
1073 1423 1295 1507 primo
1399 1424 1895 1502 raemittuntur,
1954 1422 2009 1485 I.
2040 1421 2131 1485 II.
2178 1444 2259 1485 em
2300 1424 2569 1509 ingenio
2594 1425 2807 1508 facti,

562 1509 689 1573 III.
721 1507 837 1573 IV.
885 1507 950 1571 V.
995 1528 1076 1570 ecc
1117 1505 1237 1568 Fl
1288 1528 1330 1569 a
1373 1505 1667 1569 breviati.
1738 1505 1849 1568 Ex
1894 1506 2010 1569 boc
2053 1527 2303 1592 maqna
2348 1530 2491 1571 cum
2534 1507 2808 1573 licentia

561 1600 883 1677 exceptus,
931 1589 1070 1655 alia
1099 1612 1305 1654 manu
1344 1598 1575 1675 postea
1606 1589 1695 1653 ad
1724 1589 1993 1654 eundem
2022 1598 2113 1654 est
2150 1599 2491 1656 correctus.
2550 1591 2811 1657 Eadem

563 1678 878 1761 epitomen
921 1675 1235 1738 historiae
1278 1673 1587 1736 Andreae
1618 1672 2032 1758 Bergomatis
2072 1675 2373 1759 margini
2412 1674 2637 1739 intulit
2646 1698 2671 1758 ;
2718 1676 2807 1761 cf.

563 1760 762 1825 Arcb.
806 1760 882 1840 X,
914 1781 992 1843 p.
1037 1756 1180 1822 369.
1283 1754 1537 1821 Ultimis
1582 1757 2117 1841 quaternionibus
2160 1759 2509 1839 intercisis,
2566 1759 2808 1824 desunt

565 1844 785 1909 omnia
830 1864 996 1928 quae
1027 1851 1182 1927 post
1241 1841 1306 1921 V,
1350 1841 1410 1904 2.
1457 1842 1711 1924 (servus
1752 1843 1932 1925 tuus)
1975 1864 2041 1905 se
2086 1841 2422 1906 uebantur.

733 1926 870 2015 (55)
913 1925 1136 1989 Fla&
1203 1923 1658 2011 Sanqallen
1676 1926 1785 1987 sis
1815 1924 1940 1988 Nr.
1971 1925 2056 1989 54
2096 1973 2115 2006 ,
2146 1925 2624 2010 membr.fol.‘s.
2650 1927 2807 2008 XII,

545 2009 678 2097 fol.
701 2008 1208 2109 517—554.·(0f.
1248 2006 1563 2108 Scherrer
1582 2030 1654 2091 p.
1689 2007 1808 2072 167
1839 2030 1911 2093 sq
1958 2013 2030 2090 .).
2089 2009 2479 2094 Descriptus
2510 2032 2591 2074 ex
2620 2012 2690 2074 F
2710 2014 2741 2074 1
2763 2022 2810 2093 ⁸,

475 2116 957 2244 ae.²⁹⁹'²²⁶3?1²2⁰552'²
973 2092 2344 2241 α’ἷῖῗ.ῗῖἰφῗθέἷέὟέἔιὲἱῖῗέἱὼέῗῗἶέἶὲ.
2368 2103 2810 2263 myas...

565 2266 651 2328 sit
695 2271 969 2348 oportet,
1070 2261 1204 2325 uod
1258 2282 1655 2345 quamquam
1702 2282 1935 2346 presso
1985 2260 2153 2344 pede
2206 2260 2327 2325 illu
2420 2262 2810 2348 sequebatur

564 2350 828 2433 ejusque
856 2284 1334 2409 emenbationes
1354 2343 1709 2489 plerasque
1738 2366 1877 2427 rece
1926 2345 1996 2424 it,
2032 2344 2370 2409 nonnullis
2406 2356 2617 2411 tamen
2648 2347 2813 2413 locis

565 2430 760 2495 verba
801 2431 1077 2493 mutavit
1121 2430 1544 2512 (praesertim
1623 2427 1678 2507 I,
1712 2425 1791 2489 18
1882 2452 1969 2508 n.,
2000 2434 2057 2492 υ.
2089 2428 2175 2491 Ν.
2206 2428 2406 2493 Arch.
2437 2430 2492 2510 I,
2510 2454 2589 2515 p.
2621 2430 2808 2513 551).

564 2514 672 2576 Ea·
716 2514 831 2577 hoc
878 2512 1000 2575 alii
1043 2520 1408 2575 manarunt
1427 2509 1646 2594 fonte,
1691 2532 1905 2575 omnes
1943 2514 2018 2575 in
2060 2510 2265 2577 Italia
2308 2513 2616 2597 confecti.-

733 2592 871 2681 (56)
905 2595 1068 2658 F*2.
1147 2594 1589 2659 Vaticanus
1619 2597 1955 2679 reqinae
1991 2594 2471 2660 Christinae
2501 2598 2624 2660 Nr.
2659 2598 2807 2680 710,

561 2680 817 2744 membr.
843 2677 974 2763 fol.
1019 2702 1070 2742 s.
1112 2678 1225 2759 XI,
1267 2678 1526 2743 duabus
1569 2678 1875 2742 manibus
1919 2678 2011 2763 (f.
2064 2680 2286 2743 1-32.
2319 2681 2605 2763 33-78)
2652 2704 2810 2746 ecca-

562 2774 770 2844 ratus,
815 2784 866 2825 s.
909 2762 1079 2825 XIV.
1123 2763 1430 2843 Brioeiae,
1477 2771 1548 2825 ut
1588 2762 1867 2842 videtur,
1914 2772 2308 2845 asservatus,
2354 2765 2431 2828 de
2477 2788 2611 2850 qua
2645 2767 2809 2831 urbe

561 2858 717 2912 tunc
761 2847 974 2911 breves
1002 2848 1302 2931 marqini
1346 2846 1725 2929 adscriptae
1766 2856 1919 2910 sunt
1962 2848 2230 2912 notitiae
2252 2860 2293 2909 ¹.
2362 2847 2601 2914 Scriba
2632 2852 2811 2933 quod

565 2932 836 2997 babebat
878 2930 1214 3015 eoeemplar
1254 2930 1418 2995 male
1459 2930 1531 3011 le,
1564 2930 1693 2993 isse
1729 2931 2007 3011 videtur,
2051 2932 2322 3017 ideoque
2358 2954 2509 2997 mooe
2552 2933 2810 2999 litteras

561 3038 752 3079 sensu
781 3037 1030 3079 vacuas
1047 3015 1303 3099 pinoeit,
1333 3035 1484 3078 mox
1537 3015 1783 3077 iberius
1815 3014 2017 3079 Pauli
2054 3014 2248 3079 verba
2278 3016 2570 3081 reddidit
2592 3023 2679 3100 (e.
2705 3041 2806 3103 qr.

562 3100 654 3180 II,
703 3099 836 3180 19).
930 3096 1224 3163 Codicem
1281 3098 1460 3162 carie
1522 3098 1791 3162 adesum
1840 3107 1993 3183 post
2033 3098 2517 3163 Bethmannum
2562 3111 2620 3165 et
2660 3104 2809 3187 ipse

563 3185 806 3249 Romae
843 3204 1159 3268 praesens
1205 3182 1302 3245 ali
1345 3190 1455 3245 uot
1494 3182 1655 3246 locis
1693 3183 1804 3245 ins
1854 3184 1963 3246 emi
1980 3193 2023 3245 ².
2541 3241 2546 3246 .

729 3266 870 3355 (57)
912 3266 1055 3331 F2.
1144 3266 1264 3329 Mo
1335 3266 1725 3329 ostiensis
1839 3287 1893 3327 r.
1929 3265 2070 3346 135,
2099 3268 2355 3331 membr.
2386 3290 2437 3331 s.
2466 3268 2579 3344 XI.
2611 3268 2804 3351 XHs,

561 3374 700 3415 una
727 3373 933 3414 manu
962 3358 1301 3431 escaratus,
1346 3372 1415 3414 eo
1445 3350 1740 3435 insignis
1770 3350 1944 3435 quod
1973 3349 2091 3430 IV,
2125 3349 2227 3413 21.
2259 3360 2317 3415 et
2356 3351 2417 3433 V,
2449 3351 2507 3415 6.
2542 3353 2805 3437 amplas

559 3436 793 3499 inserit
818 3433 1352 3518 interpolationes
1384 3434 1474 3497 ad
1497 3432 1834 3497 ecclesiam
1864 3434 2361 3499 Modoetiensem
2382 3459 2413 3499 s
2464 3445 2746 3501 ectantes
2762 3446 2806 3499 ⁴.

562 3515 722 3582 Alia
754 3539 993 3581 coaeva
1037 3539 1276 3581 manus
1305 3516 1669 3603 ,aliquoties
1712 3516 1995 3581 lacunas
2040 3516 2319 3603 emplevit
2364 3542 2401 3581 a
2430 3522 2627 3605 iaque
2659 3543 2802 3585 cor-

560 3602 750 3665 reoeit.
813 3600 1138 3665 Lectionis
1180 3602 1561 3664 varietatem
1604 3602 1801 3666 editio
1832 3600 2305 3666 Muratoriana
2337 3603 2533 3684 dedit,
2565 3614 2809 3688 postea

561 3685 933 3749 Bethmann
1005 3686 1289 3748 enotavit
1301 3706 1326 3765 ,·
1409 3684 1581 3749 locos
1656 3684 1973 3769 quosdam
2042 3685 2223 3749 Frisi
2295 3686 2637 3769 (Memorie
2712 3689 2806 3769 II,

550 3792 626 3853 p.
671 3768 795 3831 202
839 3772 1009 3854 sqq.)
1051 3768 1348 3853 imprimi
1373 3767 1562 3852 fecit.

564 3927 622 3996 1)
661 3929 776 3995 III,
815 3932 916 3981 31:
967 3939 1022 3983 et
1071 3938 1216 3994 nota,
1268 3930 1411 3998 quod
1453 3931 1522 3981 ab
1573 3932 1689 3999 ipso
1743 3931 1982 3997 Grippho
2032 3930 2393 3982 desenderunt
2452 3932 2676 3999 Gripphi
2733 3933 2801 3985 de

560 4004 784 4068 Brexia3
823 4001 929 4069 IV,
970 4005 1032 4055 2:
1075 4004 1331 4056 Similiter
1367 4019 1567 4070 magna
1603 4004 1884 4055 multitudo
1924 4004 2247 4055 locustarum
2289 4020 2392 4070 que
2430 4010 2691 4056 venerunt
2734 4005 2803 4057 de

558 4076 812 4129 Tridento
851 4079 1100 4130 Brexiam
1137 4080 1194 4128 in
1232 4094 1539 4129 mcccxmn.
1692 4078 1745 4141 2)
1792 4075 1939 4139 Quae
1990 4077 2063 4129 N.
2100 4075 2261 4128 Arch.
2301 4076 2349 4140 I,
2379 4094 2438 4143 p.
2480 4078 2605 4129 551.
2646 4079 2715 4130 dc
2752 4079 2814 4128 F

561 4150 612 4202 2.
652 4152 703 4201 3.
741 4152 775 4199 4
811 4151 996 4203 notavi
1033 4149 1189 4204 etiam
1225 4151 1284 4201 in
1323 4149 1413 4199 F*
1438 4151 1488 4201 2.
1542 4150 1729 4204 cadere
1766 4150 1894 4201 vidi.
2046 4148 2105 4216 3)
2143 4150 2446 4201 Betkmann
2482 4150 2539 4201 in
2576 4168 2618 4201 s.
2658 4151 2802 4205 XII.

559 4237 642 4275 eoe.
669 4223 870 4290 posuit,
910 4225 1052 4291 quod
1090 4241 1206 4275 cum
1258 4221 1540 4289 specimine
1577 4224 1635 4274 in
1682 4220 1905 4277 editione
1957 4222 2336 4274 Muratoriana
2382 4223 2515 4275 data
2548 4240 2800 4293 pugnare

558 4296 785 4349 videtur.
943 4298 998 4358 4)
1045 4297 1332 4349 Praeterea
1379 4297 1520 4347 inter
1567 4296 1649 4359 II,
1703 4296 1793 4349 24.
1832 4304 1879 4347 et
1932 4296 2016 4348 25.
2058 4297 2240 4349 eadem
2289 4314 2455 4348 manu
2504 4298 2693 4349 notula
2730 4299 2799 4349 de

561 4368 767 4421 cometis
805 4368 902 4420 sub
947 4368 1129 4422 Ottone
1167 4368 1215 4421 Ι.
1257 4378 1305 4421 et
1342 4369 1426 4421 ΙΙ.
1465 4366 1595 4421 visis
1631 4369 1832 4421 inserta
1870 4377 1961 4421 est.
