2984 4917
313 1831 332 1854 ‘
343 1848 390 1888 p.
425 1837 522 1878 186.

549 401 656 451 240
844 400 1066 452 PAULI
1106 399 1449 451 HISTORIA
1490 398 2165 452 LANGOBARDORUM.
2244 398 2387 450 LIB.
2428 400 2527 450 VI.

546 569 614 631 in
655 566 796 631 loco
839 567 1288 653 Agiprandum
1303 575 1349 647 ⁸,
1396 587 1582 629 suum
1625 589 1705 631 ne
1756 576 1945 648 otem,
1992 568 2337 631 constituit.
2425 565 2596 653 Cum·
2634 588 2797 631 vero

545 653 984 716 Beneventum
1029 662 1418 736 properaret,
1466 650 1709 716 Grotsca
1735 672 1845 714 cus
1858 652 1906 731 ¹¹,
1970 650 2193 715 auditu
2209 662 2233 692 ⁰
2298 651 2434 713 eius
2486 649 2795 730 adventu,

543 757 776 800 navem
831 733 1263 799 conscendere
1280 734 1308 775 ἃ
1351 743 1547 819 atque
1598 734 1668 797 in
1712 733 2009 799 Greciam
2053 734 2275 818 fugere
2292 746 2317 776 θ
2362 732 2621 797 molitus
2674 744 2794 798 est.

544 819 676 900 Qui
717 828 1058 906 postquam
1099 839 1366 881 uxorem
1398 827 1462 881 et
1508 826 1739 882 cuncta
1755 819 1778 860 f
1831 816 2287 904 supellectilem
2331 840 2516 881 suam
2545 819 2613 881 in
2642 819 2800 881 navi

544 904 933 989 inposuisset
975 912 1038 966 et
1095 902 1439 966 novissime
1495 903 1517 964 i
1566 914 1679 967 seg
1736 902 2083 967 ascendere
2123 900 2330 982 vellet,
2387 902 2797 967 inruentibus

544 987 1013 1053 Beneventanis
1033 987 1080 1067 ¹¹,
1106 983 1338 1049 Grisulfi
1358 985 1532 1051 fideli
1578 1008 1673 1067 us,
1710 987 2029 1051 extinctus
2054 994 2166 1050 est.
2233 986 2418 1049 Uxor
2440 1006 2591 1049 sane
2620 984 2797 1049 illius

541 1092 687 1135 cum
733 1070 1026 1136 omnibus
1070 1070 1266 1154 quaei
1323 1068 1602 1135 habebat
1644 1068 2265 1156 Constantinopolim
2307 1067 2590 1155 perlatak
2638 1079 2759 1133 est.

712 1155 846 1219 58.¹
935 1154 1119 1217 Tunc
1163 1175 1280 1217 rex
1320 1153 1847 1240 Liutprandumm
1891 1154 2331 1219 Beneventum
2389 1154 2795 1239 pervenienS,

547 1235 867 1304 Gisulfum
879 1250 928 1320 ¹¹,
985 1259 1170 1300 suum
1230 1246 1567 1324 nepotem,
1624 1238 1853 1302 iterum
1913 1238 1980 1300 in
2036 1235 2179 1301 loco
2236 1239 2497 1323 proprio
2556 1237 2798 1301 ducem

545 1322 875 1387 constituit
895 1334 936 1384 ¹.
1041 1320 1388 1420 Rebusque
1452 1322 1542 1385 ita
1608 1322 1957 1408 conpositis
1974 1333 2019 1403 ⁰,
2084 1320 2168 1384 ad
2230 1342 2420 1384 suum
2477 1320 2799 1407 palatium

541 1406 869 1471 remeavit.
955 1405 1083 1469 Hic
1126 1406 1621 1490 glorlosissimus
1663 1428 1779 1469 rex
1836 1404 2068 1469 multas
2111 1406 2178 1468 in
2224 1402 2462 1469 Christi
2504 1404 2751 1469 honore
2770 1416 2799 1459 Ρ

543 1512 660 1575 per
701 1487 956 1575 singula
983 1487 1124 1553 loca
1150 1488 1265 1553 ubi
1294 1489 1527 1576 degere
1572 1488 1817 1553 solebat
1857 1488 2157 1553 basilicas
2201 1488 2575 1553 construxit.
2663 1488 2801 1551 Hic

544 1574 999 1638 monasterium
1065 1573 1238 1637 beati
1303 1574 1551 1654 Petriq,
1632 1572 1805 1657 quod
1870 1570 2043 1636 foras
2108 1594 2325 1636 muros
2341 1584 2364 1614 ¹·
2428 1572 2793 1637 Ticinensis

547 1658 822 1722 civitatis
837 1668 859 1700 ⁸
906 1658 1098 1721 situm
1143 1667 1240 1721 est
1283 1668 1346 1721 et
1390 1654 1657 1721 Caelum
1703 1656 1991 1720 Aureum
2033 1654 2408 1742 appellatur,
2454 1657 2733 1721 instituit
2748 1667 2795 1719 ².

541 1742 621 1804 In
677 1762 929 1804 summa
987 1762 1242 1826 quoque
1285 1739 1603 1805 Bardonis
1655 1739 1821 1826 Alpe
1840 1750 1865 1785 ³
1908 1741 2364 1805 monasterium
2420 1738 2595 1827 quod
2637 1740 2799 1805 Ber--

545 1829 790 1889 cetum‘
843 1824 1077 1889 dicitur
1138 1823 1501 1889 aedificavit
1514 1835 1561 1888 ⁴.
1657 1824 1734 1887 In
1801 1821 2099 1889 Olonna¹¹¹
2158 1822 2568 1888 nihilominus
2636 1826 2798 1888 *suo

591 1909 866 1972 roastiov
943 1908 1103 1971 miro
1170 1930 1363 1994 opere
1428 1910 1497 1971 in
1545 1907 1785 1972 honore
1849 1908 2049 1971 sancti
2106 1906 2427 1971 Anastasii
2492 1908 2799 1993 martyris

604 1993 802 2057 hristo
819 2005 858 2035 Ἢ
905 1991 1300 2056 domicilium
1359 1995 1599 2074 statuit,
1655 1993 1723 2055 in
1768 2013 1894 2078 quo
1951 2001 2015 2056 et
2071 1992 2571 2055 monasteriumx
2620 1992 2799 2055 fecit.

544 2077 694 2142 Pari
738 2077 931 2141 etiam
974 2075 1165 2139 modo
1223 2075 1424 2140 multa
1464 2098 1581 2162 per
1616 2075 1757 2139 loca
1798 2074 2052 2161 singula
2106 2074 2371 2140 divina?
2415 2074 2660 2161 templa
2700 2076 2800 2139 in-

547 2160 768 2225 stituit.
854 2160 1032 2223 Intra
1075 2181 1262 2223 suum
1307 2182 1563 2246 quoque
1608 2157 1918 2245 palatium
1977 2158 2305 2223 oraculum
2349 2158 2593 2223 domini
2656 2157 2799 2224 Sal-

542 2244 782 2310 vatoris
823 2242 1186 2307 aedificavit
1202 2255 1224 2285 ²
1264 2254 1328 2307 et
1371 2243 1546 2343 quod
1588 2243 1746 2307 nulli
1789 2242 1897 2306 alii
1940 2265 2123 2328 reges
2164 2241 2539 2324 habuerant,
2586 2264 2800 2308 sacer-

545 2328 728 2393 dotes
758 2336 822 2392 et
865 2324 1128 2390 clericos
1169 2327 1460 2407 institu1t‚
1509 2328 1618 2414 qui
1656 2328 1715 2392 ei
1760 2326 1995 2391 cotidie
2039 2326 2256 2391 divina
2300 2326 2517 2391 officia
2560 2326 2797 2392 decan-

544 2422 770 2476 tarent.
866 2411 1078 2475 Huius
1136 2412 1350 2497 regis*
1408 2412 1805 2497 temporibus
1862 2411 1984 2475 fuit
2039 2411 2106 2474 in
2156 2410 2299 2475 loco
2359 2412 2467 2475 cui
2508 2411 2797 2475 Forumb

546 2555 593 2605 a)
620 2556 938 2606 agibrandum
970 2555 1009 2596 A
1043 2556 1086 2596 3.
1119 2555 1186 2605 D3
1218 2554 1492 2605 Aprandum
1524 2557 1560 2595 F
1596 2558 1635 2605 1,
1676 2561 1776 2605 poet
1807 2566 1923 2597 corr.
1955 2555 2299 2607 Ansprandum,
2331 2560 2369 2595 ct
2400 2556 2463 2595 ita
2493 2557 2531 2595 F
2566 2553 2631 2597 ⁸2.
2666 2558 2710 2598 4.
2746 2557 2791 2599 5.

548 2616 590 2656 G
622 2619 663 2657 1.
700 2617 739 2656 2.
771 2616 852 2665 503
884 2614 1210 2655 Ansbrandnm
1244 2614 1284 2654 G
1317 2614 1386 2654 5a.
1535 2613 1586 2666 b)
1617 2615 1679 2653 ita
1712 2616 1789 2653 hoc
1817 2615 1909 2654 loco
1957 2615 1998 2654 A
2032 2617 2071 2655 1.
2119 2615 2155 2654 F
2190 2618 2229 2655 1.
2266 2614 2321 2666 G,
2369 2615 2470 2664 alii3
2521 2614 2793 2656 Gotstalcus

547 2674 588 2713 A
623 2676 670 2722 23
703 2673 1004 2714 Gotescalcus
1035 2673 1059 2711 1
1091 2675 1141 2721 13
1173 2670 1482 2713 Godescalcus
1515 2673 1559 2712 D
1592 2674 1632 2713 2.
1666 2674 1706 2715 8.
1857 2671 1898 2724 c)
1932 2674 1995 2712 ita
2026 2674 2065 2713 A
2100 2675 2139 2713 1.
2171 2674 2212 2714 2.
2244 2674 2282 2713 F
2316 2676 2357 2714 1.
2392 2673 2433 2713 G
2468 2676 2507 2715 1.
2541 2676 2595 2724 23
2629 2676 2793 2716 andsto

545 2734 684 2773 ceteri.
836 2729 883 2782 d)
913 2732 1244 2771 conscenderet
1271 2731 1308 2770 F
1343 2734 1383 2771 1.
1420 2734 1458 2769 G
1493 2733 1535 2771 1.
1571 2733 1609 2773 2.
1760 2729 1805 2781 e)
1835 2732 1985 2781 fugire
2018 2731 2060 2774 G
2094 2734 2134 2771 1.
2172 2734 2212 2773 2.
2362 2730 2401 2784 f)
2432 2733 2497 2772 ita
2528 2732 2571 2772 A
2604 2735 2645 2775 2.
2677 2734 2715 2773 F
2753 2736 2797 2777 1.

549 2790 591 2831 G
623 2794 663 2833 1.
695 2791 750 2840 83
783 2794 994 2829 cunctam
1025 2790 1164 2829 ceteri.
1315 2787 1361 2840 g)
1391 2790 1472 2829 ille
1506 2789 1556 2830 C.
1587 2791 1647 2831 D.
1798 2789 1846 2842 h)
1874 2792 2168 2832 Benventani
2200 2792 2236 2830 F
2270 2792 2312 2833 1.
2460 2790 2495 2842 i)
2530 2792 2645 2831 dem
2677 2791 2718 2832 A
2753 2795 2795 2835 2.

549 2850 603 2889 P.
637 2849 678 2888 G
697 2851 720 2888 1
757 2850 798 2890 2.
920 2847 968 2899 k)
1000 2849 1229 2898 prolatam
1248 2847 1290 2888 G
1311 2851 1351 2889 1.
1472 2847 1509 2900 l)
1542 2850 1619 2888 hoc
1646 2860 1743 2897 cap.
1772 2850 2045 2899 praecedenti
2072 2850 2316 2899 adjuaqtmt
2347 2848 2389 2889 A
2407 2851 2448 2890 2.
2468 2851 2510 2891 8.
2528 2852 2567 2890 F
2584 2848 2648 2892 ’2.
2667 2852 2710 2890 4.
2732 2850 2792 2893 G.

552 2906 617 2959 m)
649 2908 712 2947 ita
742 2907 783 2947 A
819 2907 858 2947 1.
893 2908 929 2946 F
964 2910 1014 2957 13
1044 2908 1359 2957 Liutprandus
1389 2912 1480 2945 cett.
1618 2906 1666 2959 n)
1697 2908 1808 2949 dem
1840 2907 1882 2949 G
1914 2910 1956 2951 2.
2090 2907 2136 2959 ο)
2172 2909 2416 2959 conposuit
2444 2910 2482 2949 P
2517 2912 2560 2949 1.
2595 2909 2640 2950 G
2673 2913 2714 2951 1.
2750 2912 2795 2951 2.

547 2966 599 3021 p)
629 2967 850 3007 honorem
883 2966 922 3005 A
957 2968 997 3007 2.
1028 2967 1067 3006 Ε
1102 2969 1142 3008 1.
1173 2966 1224 3005 F.
1258 2966 1312 3007 G.
1345 2967 1390 3006 Η
1424 2967 1464 3004 1.
1493 2966 1518 3005 Ι
1551 2968 1594 3005 1.
1745 2966 1793 3019 q)
1826 2968 1937 3006 dccet
1966 2966 2007 3007 A
2039 2967 2082 3007 8.
2233 2965 2273 3019 r)
2308 2979 2486 3007 murum
2518 2969 2556 3007 P
2592 2970 2638 3010 1.
2672 2968 2714 3010 G
2750 2971 2794 3009 2.

544 3025 585 3078 s)
619 3037 656 3066 c.
688 3036 725 3067 s.
759 3029 829 3066 est
857 3026 944 3067 des.
979 3026 1019 3066 G
1053 3029 1092 3066 1.
1243 3023 1277 3076 t)
1310 3025 1566 3066 Bet-cedam
1600 3024 1641 3067 G
1674 3028 1713 3065 1.
1747 3027 1799 3075 43
1832 3028 2083 3066 Bel-cecum
2118 3024 2160 3067 G
2193 3027 2271 3076 5⁰3
2302 3028 2596 3067 Bet-tecetum
2629 3028 2676 3067 Η
2708 3028 2797 3078 5a3

541 3086 789 3126 Boi-cetum
821 3084 862 3124 A
884 3082 946 3127 ⁸3.
1066 3082 1115 3135 u)
1148 3084 1196 3123 ia
1226 3085 1266 3124 A
1285 3086 1304 3123 1
1340 3085 1422 3133 ἶφι·
1449 3085 1625 3135 aequit3
1657 3084 1888 3125 olonnam
1922 3084 1962 3126 G
1984 3086 2034 3134 23
2066 3085 2265 3126 Olomna
2294 3085 2403 3135 A83
2435 3086 2619 3126 Olonno
2657 3085 2797 3137 c4b3

543 3144 711 3185 Ollana
756 3144 799 3183 D
834 3145 880 3191 23
927 3143 1131 3186 Ollanna
1177 3143 1220 3182 D
1253 3144 1294 3183 3.
1341 3144 1378 3183 Β
1411 3144 1464 3193 43
1511 3144 1732 3184 Holonna
1774 3144 1811 3183 F
1846 3146 1917 3185 2a.
1952 3143 1995 3183 G
2024 3144 2078 3194 43
2121 3144 2325 3184 Holonia
2373 3144 2413 3184 G
2446 3145 2525 3194 503
2570 3145 2795 3187 Nolanna

545 3203 580 3244 G
615 3204 664 3251 13
711 3203 893 3242 Nolana
924 3204 947 3242 1
981 3205 1021 3242 1.
1171 3201 1219 3251 v)
1251 3202 1466 3251 prastino
1501 3203 1535 3244 C
1570 3205 1609 3243 1.
1642 3203 1684 3242 2.
1721 3203 1764 3242 D
1800 3204 1841 3243 1.
1872 3203 1895 3241 1
1930 3204 1981 3252 13
2031 3204 2262 3252 pronti-io
2294 3204 2337 3243 D
2371 3205 2422 3252 23
2468 3204 2796 3254 prolevaminc

547 3261 588 3302 G
620 3262 758 3311 5a.c;
790 3263 982 3311 proprio
1012 3272 1033 3300 c
1063 3272 1178 3301 corr.
1211 3260 1250 3301 10*
1285 3263 1322 3306 1,
1353 3266 1392 3300 et
1421 3261 1483 3300 ita
1517 3261 1553 3300 F
1587 3260 1627 3302 5.
1662 3262 1685 3301 I
1718 3262 1759 3303 2.
1795 3282 1846 3292 -
1880 3272 1963 3301 suo
1996 3262 2106 3301 dccet
2136 3259 2255 3303 A·3.
2379 3262 2439 3314 w)
2474 3262 2646 3302 Christi
2680 3262 2715 3305 0
2752 3267 2795 3305 1.

546 3320 588 3361 G
621 3322 662 3362 2.
697 3339 748 3347 -
783 3320 1019 3360 domicilio
1052 3319 1093 3360 G
1128 3322 1170 3360 1.
1303 3317 1350 3370 x)
1380 3322 1689 3360 monasterius
1722 3318 1764 3361 G
1797 3323 1837 3361 1.
1989 3318 2036 3371 y)
2071 3320 2269 3361 divinita
2302 3320 2343 3361 G
2374 3322 2431 3371 23
2461 3322 2526 3361 vel
2554 3322 2635 3360 hoc
2665 3333 2797 3363 voca·

542 3378 689 3418 bulum
719 3378 784 3417 vel
812 3379 998 3427 singula
1026 3379 1136 3417 dem
1169 3376 1209 3417 G
1244 3380 1287 3418 1.
1439 3377 1481 3429 z)
1515 3379 1718 3420 instituit
1764 3377 1805 3419 G
1839 3380 1877 3418 1.
1914 3380 1953 3418 2.
2106 3377 2150 3430 a)
2184 3380 2252 3419 rel
2296 3381 2332 3419 F
2367 3382 2409 3421 1.
2443 3380 2484 3420 G
2515 3382 2558 3421 2.
2592 3381 2643 3431 33
2691 3382 2796 3430 regi

545 3436 588 3477 G
621 3439 672 3487 13
701 3438 921 3485 temporis
954 3436 995 3477 G
1029 3439 1071 3480 2.
1105 3436 1148 3478 8.
1266 3434 1313 3487 b)
1346 3437 1466 3476 Foro
1502 3436 1543 3477 G
1574 3439 1613 3476 1.

550 3545 611 3613 1)
653 3546 806 3609 Quod
843 3566 887 3600 c.
931 3548 1052 3599 742.
1096 3550 1312 3615 sactum
1369 3567 1434 3601 ex
1491 3548 1867 3615 diplomatibus
1926 3559 2146 3602 constat.
2244 3550 2327 3618 Of.
2366 3550 2565 3603 Hir-sch
2595 3569 2637 3618 p
2701 3554 2791 3604 39.

548 3621 609 3687 2)
649 3620 730 3686 (J.
778 3620 979 3672 Otto‘nis
1017 3620 1132 3673 III.
1172 3624 1326 3689 dipl„
1373 3622 1599 3691 Stumpf
1641 3622 1741 3674 No.
1785 3625 1908 3687 923,
1962 3632 2010 3675 et
2048 3622 2324 3689 Mabillon,
2370 3624 2512 3676 Ami.
2561 3626 2703 3679 Ben.
2754 3627 2792 3679 l.

545 3692 664 3756 XX,
703 3710 747 3744 c.
787 3695 855 3743 53
897 3693 1005 3756 (II,
1036 3713 1099 3761 p.
1138 3697 1253 3761 66).
1457 3695 1518 3763 3)
1556 3698 1885 3748 Barturberk
1933 3696 2304 3763 superscripsit
2354 3696 2498 3764 Epie.
2540 3696 2795 3751 Selenia·

545 3764 762 3819 diensis.
912 3767 974 3833 4)
1013 3767 1138 3819 Non
1164 3769 1497 3831 conditorem,
1539 3770 1633 3821 sed
1658 3778 1923 3822 auctorem
1958 3770 2265 3821 monasterii
2291 3770 2503 3823 Berceti
2531 3770 2591 3822 in
2615 3780 2792 3824 monte

544 3838 862 3890 Bao-donum
899 3838 1297 3906 Liutprandum
1331 3860 1507 3911 regem
1544 3860 1608 3894 ea:
1642 3844 1799 3909 gestie
1828 3841 2164 3895 Moderamni
2200 3842 2432 3909 episcopi
2461 3843 2793 3897 Redoneneis

545 3930 582 3963 a
617 3911 934 3964 flodoardo
985 3913 1223 3965 ‘narratis
1263 3916 1350 3968 lib.
1389 3916 1439 3979 I,
1478 3933 1597 3981 cap.
1639 3918 1727 3967 20.
1757 3917 1951 3982 probat
1990 3914 2179 3983 optime
2210 3916 2556 3971 Mabillonim
2592 3916 2653 3968 in
2695 3936 2793 3969 aa·

544 3984 758 4037 ’talibus
796 3994 916 4037 tom.
973 3984 1056 4049 II,
1109 4005 1162 4037 a.
1206 3988 1308 4038 718
1362 3988 1468 4053 (IL
1500 4006 1562 4054 p.
1603 3990 1718 4053 51),
1770 3988 2007 4055 illudque
2057 3986 2116 4039 in
2168 3989 2414 4041 honorem
2459 4008 2505 4041 s.
2543 3988 2791 4043 Abundii

543 4057 795 4125 man-tynis
835 4064 995 4111 antea
1037 4066 1400 4123 constructum,
1431 4071 1622 4127 postea
1673 4062 1732 4112 in
1782 4062 2028 4113 hono-rem
2073 4080 2115 4113 ε.
2168 4061 2412 4131 Remiyii,
2463 4063 2613 4130 cujus
2660 4062 2789 4116 reli·

545 4133 704 4197 quiae
741 4149 768 4183 e
806 4130 1050 4184 Rememae·
1098 4135 1412 4185 monasterio
1452 4135 1833 4187 Moderamnus
1869 4132 1929 4185 in
1962 4132 2186 4185 Italiam
2238 4136 2547 4199 contulerat,
2600 4143 2649 4188 et
2690 4138 2788 4187 mi-

544 4205 729 4255 raculo
765 4206 993 4256 monitus
1022 4203 1217 4257 ibidem
1253 4206 1589 4272 deposuerat,
1628 4208 1707 4258 ita
1732 4208 2106 4274 Liutprandus
2143 4208 2297 4275 regia
2333 4207 2652 4260 liberalitate
2681 4226 2789 4276 per

546 4294 702 4329 suum
738 4278 976 4344 diploma
1013 4277 1161 4330 bonis
1200 4289 1249 4332 et
1288 4279 1541 4345 aedificiis
1578 4280 1788 4345 ditavit,
1826 4289 1883 4331 ut
1924 4298 1959 4331 a
1996 4288 2173 4332 nostro
2214 4280 2499 4334 conditoris
2540 4282 2650 4334 loco
2690 4282 2787 4335 lta-

543 4351 751 4402 beatur.
824 4353 919 4402 BI.
