2984 4917
356 1028 374 1049 ‘
385 1045 432 1085 p.
465 1033 564 1075 145.

589 424 694 473 184
895 418 1113 470 PAULI
1151 416 1499 470 HISTORIA
1536 416 2207 469 LANGOBARDORUM.
2284 415 2432 469 LIB.
2469 416 2537 468 V.

589 609 800 654 escere
857 586 1172 672 putabant
1189 596 1233 667 ²,
1292 582 1681 670 pulsassent,
1740 583 2111 648 vestiariusb
2155 580 2262 647 ille
2308 584 2457 669 quic
2514 584 2828 648 introrsus

586 679 722 737 erat
762 669 1037 755 rogabat
1065 692 1174 734 eos
1219 667 1472 732 dicens:
1518 667 2086 733 ‘Misericordiamd
2133 689 2281 731 cum
2310 688 2387 731 eo
2430 665 2621 731 facite
2653 690 2827 732 eum-

588 776 712 842 que
752 752 1088 854 paululum
1117 755 1451 839 quiescere
1483 752 1689 833 sinite,
1735 753 1927 838 quiae
1972 750 2184 815 adhuc
2230 751 2309 815 de
2350 751 2577 815 itinere
2620 749 2827 816 lassus

667 839 971 903 avissimo
1018 857 1239 902 somno
1283 834 1693 921 deprimitur'.
1761 835 1952 916 Quod
1981 858 2129 899 cum
2158 834 2251 899 illi
2292 833 2773 919 adquievissent
2786 836 2825 915 f,

635 945 709 987 oc
753 924 970 1009 ipsum
1011 922 1149 1007 regi
1165 931 1190 975 8
1242 922 1727 1003 nuntiaverunt,
1826 920 1933 983 uia
1984 919 2195 984 adhuc
2234 919 2550 983 Perctarit
2605 920 2830 1006 gravi¹¹

589 1027 812 1071 somno
859 1006 1230 1092 quiesceret.
1315 1004 1502 1067 Tunc
1544 1002 1680 1067 ille:
1768 941 1934 1083 ((ὲίἅ,
1976 1003 2205 1089 inquit,
2250 1002 2608 1067 “hesterna
2652 1004 2827 1067 serai

594 1112 662 1155 se
712 1091 861 1154 vino
908 1087 1218 1174 opplevit,
1271 1100 1342 1153 ut
1383 1087 1641 1152 adhuck
1695 1086 1960 1173 vigilare
2002 1109 2132 1151 non
2231 1088 2455 1151 ossitl’.
2580 1086 2832 1168 Quibus

590 1185 805 1239 tamen
846 1173 1195 1258 praecepit,
1242 1180 1315 1236 ut
1355 1193 1510 1235 mox
1554 1194 1700 1235 eum
1754 1171 2103 1236 excitatum
2144 1110 2227 1234 ag
2286 1170 2596 1255 palatium
2642 1170 2831 1235 dedu-

591 1266 823 1322 cerent.
911 1257 1041 1337 Qui
1082 1257 1408 1320 venientes
1449 1255 1534 1319 ad
1564 1256 1867 1319 ianuamm
1898 1253 2196 1336 cubiculi,
2240 1255 2307 1318 in
2351 1276 2475 1341 quo
2522 1255 2835 1319 Perctarit

591 1338 934 1427 sperabant
978 1341 1302 1425 quiescere
1314 1352 1361 1422 ¹¹,
1407 1350 1754 1425 coeperunt
1795 1339 2005 1403 acrius
2049 1338 2326 1424 pulsare.
2415 1339 2603 1403 Tunc
2646 1339 2830 1403 vesti-

509 1474 520 1483 .
587 1426 758 1489 arius
797 1424 902 1489 ille
945 1434 1241 1487 rursum⁰
1286 1445 1394 1488 eos
1437 1445 1665 1508 rogare
1710 1424 1936 1522 coepit,
1990 1434 2059 1487 ut
2103 1424 2288 1508 quasi
2331 1421 2607 1487 eundem
2650 1424 2830 1487 Perc-

595 1509 746 1573 tarit
808 1506 1270 1592 aliquantulum
1323 1507 1535 1571 adhuc
1590 1506 1863 1571 dormlre
1928 1508 2383 1593 permitterent.
2494 1507 2627 1587 Qui
2690 1506 2829 1570 irati

590 1592 1029 1673 vociferantes,
1075 1592 1204 1655 iam
1263 1593 1416 1655 satis
1475 1591 1797 1656 ebriosum
1856 1590 2034 1654 illum
2096 1591 2452 1676 quievisse,
2511 1612 2670 1655 mox
2714 1588 2826 1653 cal-

592 1675 772 1741 cibus
818 1675 1042 1740 eodem
1059 1688 1087 1729 P
1134 1674 1413 1740 cubiculi
1458 1676 1691 1740 ostium
1736 1675 2159 1760 confringunt,
2204 1675 2603 1761 ingressique
2646 1676 2825 1741 Perc-

589 1760 740 1824 tarit
780 1760 846 1825 in
889 1758 1115 1823 lectulo
1158 1760 1507 1845 requirunt.
1596 1761 1852 1841 Quem‘l
1897 1782 2043 1823 cum
2086 1780 2215 1823 non
2255 1760 2665 1842 invenissent,
2709 1758 2823 1821 adr

591 1844 898 1929 requisita
927 1866 1073 1907 eum
1104 1854 1367 1908 naturae
1395 1842 1694 1925 residere,
1725 1844 2033 1928 suspicati
2063 1854 2226 1907 sunt.
2295 1844 2504 1924 Quem
2538 1866 2689 1907 cum
2714 1863 2821 1906 nec

592 1926 684 1990 ibi
707 1950 776 1992 re
823 1928 1157 2012 perissent,
1200 1928 1575 1992 vestiarium
1606 1926 1784 1991 illum
1828 1929 2220 2012 interrogant
2236 1938 2280 2010 ⁵,
2324 1927 2479 2012 quid
2530 1925 2613 1993 de
2648 1927 2820 1990 Perc-

591 2011 741 2075 tarit
760 1950 1000 2076 AEctum
1027 2010 1266 2075 fuisset.
1323 2009 1574 2091 Quibus
1602 2010 1727 2093 ille,
1751 2011 1990 2096 fugisse
2013 2034 2179 2092 eum,
2208 2010 2557 2096 respondit.
2629 2011 2818 2091 Quem

593 2096 805 2159 statim
850 2093 1094 2180 capillis
1138 2095 1622 2181 adprehensum,
1667 2096 1946 2161 furentes
1976 2117 2249 2180 eumque
2290 2094 2720 2175 verberanteS,
2748 2093 2821 2155 ad

592 2178 900 2264 palatium
930 2178 1302 2264 pertrahunt
1318 2184 1354 2242 ².
1429 2179 1726 2264 Eumque
1769 2180 1838 2243 in
1880 2180 2047 2264 regis
2090 2180 2555 2278 praesentiam¹¹¹
2602 2177 2815 2264 perdu-

596 2272 827 2345 centeS,
873 2262 1062 2347 fugae
1111 2264 1425 2328 Perctarit
1478 2262 1648 2326 hunc
1708 2285 1844 2327 esse
1904 2284 2228 2327 consc1um
2264 2262 2539 2347 ideoque
2590 2272 2819 2327 mortev
2958 2300 2960 2307 π

596 2346 1060 2431 dignissimum,
1103 2347 1344 2411 dicunt.
1433 2345 1697 2425 QuemW
1740 2369 1858 2411 rex
1901 2346 2136 2410 dimitti
2176 2348 2504 2445 praecepit
2566 2368 2713 2410 eum
2754 2368 2821 2409 ue
2958 2314 2960 2434 l

595 2452 712 2516 per
768 2431 1089 2512 ordinem,
1151 2430 1420 2517 qualiter
1473 2431 1788 2494 Perctarit
1850 2430 2205 2514 effugisset,
2263 2430 2615 2516 inqu1sivit.
2716 2370 2817 2494 ille

594 2514 733 2598 regi
777 2515 1073 2578 universa
1108 2515 1274 2579 sicut
1301 2524 1445 2577 acta
1486 2514 1737 2579 fuerant
1763 2512 1995 2578 retulit.
2081 2513 2267 2577 Tunc
2288 2536 2407 2578 rex
2436 2527 2519 2577 a1
2565 2515 2819 2579 circum-

597 2597 912 2661 stantibus
987 2599 1319 2683 requisivit
1390 2597 1639 2663 dicens:
1739 2598 1932 2678 ‘Quid
1994 2596 2178 2662 vobis
2243 2597 2323 2662 de
2389 2598 2650 2663 homine
2713 2600 2821 2663 isto
2956 2610 2958 2740 Ι

594 2680 878 2757 videtur,
962 2682 1072 2766 qui
1147 2680 1300 2745 talia
1378 2682 1837 2767 perpetravit’?
1936 2681 2119 2745 Tunc
2200 2704 2418 2746 omnes
2478 2704 2607 2746 una
2671 2704 2819 2746 voce

594 2764 1074 2849 responderunt,
1133 2788 1268 2830 esse
1325 2787 1472 2828 eum
1532 2766 1800 2850 dignum
1853 2765 2067 2829 multis
2123 2765 2452 2852 suppliciis
2512 2767 2824 2831 excrucia-

593 2857 732 2911 tum
794 2848 1073 2913 interire.
1178 2849 1268 2913 At
1308 2870 1458 2912 rex:
1534 2850 1680 2913 ‘Per
1739 2849 1991 2999 {eumq
2059 2851 2169 2935 qui
2232 2873 2335 2914 me
2400 2851 2581 2914 nasci
2635 2848 2823 2931 fecit',
2954 2856 2956 2909 ἰ

590 2932 826 3030 inquit,
872 2931 1164 3016 ‘dignusz
1209 2942 1304 2996 est
1346 2932 1536 2997 homo
1578 2935 1696 2997 iste
1787 2956 1905 2999 ene
1947 2933 2198 3014 habere,
2252 2935 2363 3020 qui
2407 2957 2474 2997 se
2534 2956 2652 3019 pro
2709 2932 2823 2997 fide
2954 2912 2956 3046 1

593 3038 692 3079 su1
749 3016 994 3079 domini
1035 3018 1266 3081 mortia
1296 3018 1547 3082 tradere
1576 3039 1703 3082 non
1732 3019 2087 3095 recusavit'.
2160 3017 2457 3103 Eumque
2486 3039 2644 3082 mox
2672 3021 2824 3083 inter

593 3121 743 3164 suos
773 3100 1103 3165 vestiarios
1134 3124 1272 3167 esse
1299 3102 1644 3188 praecepit,
1676 3124 2046 3166 ammonens
2088 3124 2253 3184 eum,
2298 3111 2369 3165 ut
2398 3100 2523 3166 sibi
2568 3103 2823 3167 eandem

591 3183 824 3248 fidemh
913 3206 1062 3249 uam
1104 3186 1457 3250 Perctarite
1502 3185 1812 3250 habuerat
1852 3196 2158 3267 servaret3
2211 3184 2407 3251 multa
2451 3208 2517 3249 se
2562 3187 2623 3250 ei
2667 3208 2822 3250 com-

590 3268 827 3332 modad
929 3272 1283 3355 argiturum
1363 3270 1759 3355 promittens.
1876 3268 2170 3355 Cumque
2240 3292 2359 3334 rex
2422 3270 2771 3356 requireret
2784 3280 2824 3351 θ,
2952 3222 2954 3350 1

593 3457 638 3508 a)
672 3460 947 3509 reputabant
975 3461 1012 3500 F
1046 3462 1086 3501 1.
1206 3457 1255 3511 b)
1287 3462 1516 3501 vestarius
1556 3461 1597 3501 A
1630 3462 1669 3503 2.
1790 3458 1833 3512 c)
1865 3462 1916 3501 in
1947 3472 2037 3510 quo
2068 3460 2110 3499 A
2142 3462 2181 3502 1.
2307 3459 2354 3511 d)
2389 3460 2708 3500 misericordia
2734 3460 2815 3499 Pl.
2950 3484 2952 3493 ·

595 3516 637 3557 G
671 3519 797 3559 1—3.
920 3517 964 3570 e)
1000 3521 1079 3568 qui
1110 3517 1150 3557 A
1182 3520 1222 3558 2.
1256 3520 1308 3560 F.
1345 3518 1398 3559 G.
1535 3518 1572 3570 s)
1607 3531 1681 3569 aq.
1715 3520 1749 3561 Ο
1782 3517 1855 3571 ‘13
1888 3520 2205 3570 adquiebisset
2233 3519 2271 3558 F
2307 3520 2345 3561 1.
2484 3516 2531 3569 8)
2567 3520 2691 3569 regis
2720 3520 2755 3559 F
2784 3520 2817 3556 1.

593 3573 642 3626 11)
678 3578 948 3623 gravissimo
979 3578 1016 3616 A
1051 3578 1092 3619 5.
1127 3578 1176 3619 Ο.
1210 3578 1268 3619 D.
1299 3578 1336 3617 F
1372 3580 1411 3618 2.
1444 3580 1486 3617 4.
1522 3578 1618 3623 G2.
1655 3578 1725 3621 5a.
1747 3590 1784 3619 c.
1817 3579 1899 3619 13.
2022 3576 2055 3628 i)
2089 3580 2305 3618 hesterna
2336 3588 2441 3618 sera
2470 3588 2585 3620 corr.
2616 3579 2819 3619 hesterno

595 3644 696 3673 sero
729 3634 769 3674 A
803 3637 842 3675 2.
875 3637 919 3675 D
954 3638 992 3675 1.
1025 3636 1066 3677 G
1098 3638 1136 3677 1.
1170 3632 1231 3687 *2‚
1263 3642 1300 3675 et
1330 3637 1393 3675 ita
1422 3638 1462 3678 A
1495 3638 1536 3680 6.
1568 3637 1603 3678 C
1636 3640 1676 3679 1.
1712 3640 1753 3678 2.
1798 3639 1841 3677 D
1878 3638 1918 3678 3.
1951 3639 1987 3677 F
2020 3637 2059 3678 5.
2105 3638 2149 3676 Η
2180 3637 2252 3678 511.
2282 3637 2307 3676 1
2338 3638 2389 3686 33
2431 3647 2539 3677 sera.
2569 3648 2685 3677 corr.
2718 3645 2817 3677 cena

597 3692 637 3732 G
673 3694 721 3742 23
770 3698 894 3733 serat
921 3694 958 3733 F
994 3697 1044 3744 13
1089 3696 1334 3735 hesternae
1368 3694 1606 3748 (hesterni)
1638 3698 1732 3737 diei
1762 3706 1865 3737 sero
1914 3696 1954 3737 G
1986 3698 2054 3738 ba.
2078 3707 2123 3745 c3
2177 3696 2393 3736 hesterno
2424 3707 2475 3737 se
2506 3706 2550 3735 v.
2585 3697 2630 3735 Η
2662 3698 2702 3738 1.
2732 3696 2753 3734 1
2781 3695 2813 3738 1.

598 3774 649 3781 —
684 3752 798 3791 adeo
831 3762 872 3793 0.
906 3753 964 3793 D.
1003 3775 1054 3785 —
1086 3754 1214 3803 impl.
1247 3753 1289 3793 D
1323 3755 1364 3795 3.
1401 3754 1442 3795 G
1474 3757 1514 3795 1.
1550 3757 1604 3805 2;
1635 3757 1750 3805 repl.
1783 3755 1825 3796 G
1857 3755 1898 3795 3.
2028 3753 2077 3806 k)
2109 3756 2199 3795 hnc
2228 3754 2270 3794 A
2303 3756 2344 3795 2.
2465 3752 2499 3805 1)
2531 3758 2689 3805 posset
2714 3754 2749 3794 B
2780 3754 2816 3795 1.

597 3807 658 3861 m)
691 3820 729 3852 e.
764 3812 795 3851 i.
828 3810 868 3850 A
901 3808 961 3851 ⁸3.
1082 3812 1132 3863 n)
1165 3814 1461 3861 quiescerent
1490 3815 1529 3854 P
1563 3817 1602 3855 1.
1724 3812 1770 3866 ο)
1801 3825 1960 3854 rursus
1991 3812 2033 3853 A
2068 3816 2106 3855 2.
2244 3810 2294 3865 p)
2325 3814 2389 3852 ita
2420 3813 2461 3853 A
2494 3816 2535 3855 1.
2568 3814 2609 3851 4.
2643 3814 2683 3854 5.
2714 3814 2750 3853 B
2780 3814 2815 3852 1.
2948 3766 2951 3963 ι

596 3869 630 3911 C
663 3865 725 3911 ·1.
755 3869 794 3909 Ε
833 3872 871 3911 1.
903 3870 940 3909 F
976 3874 1014 3911 1.
1051 3870 1091 3912 G
1123 3873 1261 3922 1-43
1307 3873 1507 3913 eundem
1536 3874 1575 3913 B
1610 3874 1650 3914 2.
1683 3874 1742 3913 D.
1776 3874 1813 3912 F
1846 3874 1887 3913 5.
1919 3874 1963 3912 Η
1997 3875 2043 3922 1;
2076 3873 2196 3913 idem
2227 3872 2269 3912 A
2300 3872 2351 3921 33
2384 3872 2592 3912 eiusdem
2622 3870 2663 3911 A
2694 3870 2751 3911 2?
2778 3870 2814 3911 6.

597 3929 631 3970 O
665 3930 706 3968 1.
740 3929 782 3969 2.
813 3929 850 3967 F
881 3930 920 3970 4.
956 3929 995 3969 G
1027 3930 1067 3970 5.
1098 3930 1122 3969 Ι
1154 3932 1194 3970 1.
1316 3930 1363 3981 q)
1396 3932 1508 3971 deest
1541 3932 1581 3973 G
1616 3934 1637 3970 1
1673 3930 1930 3983 (erasum?).
1966 3933 2011 3972 3.
2044 3932 2085 3970 4.
2219 3930 2259 3983 r)
2294 3932 2353 3970 ad
2384 3931 2612 3980 requisita
2646 3953 2696 3962 —-
2726 3940 2813 3979 rep·

595 3988 825 4038 perissent
854 3988 939 4029 des.
972 3991 1010 4030 B
1041 3986 1093 4028 2?
1122 3989 1203 4029 13.
1235 3991 1297 4030 ed.
1330 4002 1401 4039 pr.
1554 3989 1592 4043 s)
1625 3992 1975 4040 interrogabant
2006 3986 2119 4031 G‘s.
2156 3991 2195 4030 2.
2316 3988 2349 4042 t)
2380 3990 2697 4040 pertrahentes
2726 3988 2815 4028 AS.

593 4044 642 4097 u)
674 4048 937 4096 praesentia
967 4048 1009 4086 D
1045 4049 1084 4088 1.
1116 4047 1154 4086 F
1184 4050 1227 4089 4.
1263 4048 1305 4089 G
1336 4050 1460 4089 1-4.
1580 4045 1627 4101 v)
1661 4060 1764 4089 eum
1796 4054 1988 4089 mortem
2033 4048 2075 4089 A
2107 4051 2147 4091 1.
2266 4047 2327 4101 w)
2362 4049 2451 4096 Qui
2481 4049 2518 4088 F
2552 4050 2593 4089 1.
2629 4048 2671 4091 G
2701 4046 2813 4088 1-4.

597 4125 650 4136 —
683 4116 767 4147 rex
797 4107 907 4146 dem
939 4105 973 4147 Ο
1004 4102 1063 4146 ’1.
1098 4107 1138 4149 1.
1275 4104 1323 4158 x)
1357 4109 1467 4148 deest
1499 4107 1540 4148 A
1572 4110 1613 4149 8.
1752 4107 1800 4159 y)
1834 4110 1944 4149 deest
1974 4106 2015 4147 A
2048 4110 2089 4149 1.
2126 4110 2165 4149 2.
2201 4107 2241 4150 8.
2272 4109 2322 4150 F.
2358 4107 2421 4157 G,
2446 4112 2551 4157 poet
2581 4108 2680 4147 aad.
2711 4108 2747 4146 Β
2778 4108 2809 4145 1.
2946 4134 2948 4155 ,

595 4164 638 4202 D
672 4166 720 4213 1;
752 4175 835 4213 per
863 4165 998 4205 illum
1029 4164 1070 4203 A
1102 4166 1142 4207 6.
1172 4165 1196 4204 1
1227 4165 1268 4206 3.
1421 4166 1463 4218 z)
1495 4168 1683 4217 dignum
1717 4166 1759 4207 G
1792 4170 1830 4207 1.
1862 4164 1909 4207 *2
1958 4166 2090 4219 (corr.
2138 4168 2181 4208 d.
2232 4178 2269 4208 e.
2316 4167 2555 4207 hominem
2586 4162 2746 4216 illum).
2775 4165 2809 4203 2.
2946 4160 2949 4268 ἱ

597 4220 643 4273 ιι)
674 4228 819 4263 morte
849 4224 889 4264 A
921 4224 962 4264 3.
1000 4222 1040 4264 G
1071 4220 1130 4263 ⁸2.
1165 4226 1203 4263 2.
1338 4223 1386 4276 b)
1421 4226 1532 4265 deest
1563 4227 1603 4266 A
1635 4227 1676 4269 3.
1812 4224 1854 4277 c)
1888 4225 1946 4265 ad
1975 4226 2028 4266 P.
2062 4226 2102 4266 A
2135 4227 2160 4267 3
2193 4231 2230 4265 et
2262 4237 2283 4265 e
2312 4238 2425 4270 corr,
2460 4224 2501 4266 G
2532 4221 2604 4275 ‘23
2644 4234 2740 4265 cum
2766 4222 2811 4261 P.

595 4291 616 4320 e
645 4291 759 4322 corr.
804 4283 842 4322 B
877 4286 918 4323 1.
966 4282 1006 4324 G
1039 4284 1078 4334 1,
1129 4284 1258 4322 etita
1306 4285 1344 4324 Β
1380 4287 1450 4324 la.
1501 4284 1541 4326 G
1572 4284 1653 4335 δας
1700 4296 1812 4335 erga
1840 4285 1891 4327 P.
1941 4284 1988 4326 C.
2036 4286 2096 4327 D.
2132 4286 2153 4324 1
2186 4288 2228 4327 1.
2261 4286 2311 4334 23
2360 4296 2403 4334 q.
2435 4284 2488 4324 P.
2518 4284 2565 4326 h.
2598 4284 2681 4327 des.
2710 4282 2747 4323 A
2775 4280 2808 4320 2·

597 4337 642 4391 d)
677 4342 905 4389 quomoda
934 4353 1048 4383 corr.
1082 4340 1360 4395 co(m)moda
1392 4342 1433 4384 G
1465 4344 1505 4382 1.
1537 4340 1599 4386 ⁹2.
1634 4346 1673 4387 8.
1704 4345 1746 4385 3.
1779 4345 1822 4383 4.
1944 4342 1987 4396 e)
2020 4345 2275 4393 inquireret
2303 4344 2346 4383 D
2382 4344 2424 4383 2.
2458 4344 2500 4385 3.
