2984 4917
465 781 561 837 (⁸0)

461 845 560 885 604.

439 903 576 944 Mart.

370 2377 449 2432 Ἰ).
484 2383 586 2423 127.

599 436 704 486 158
905 433 1124 485 PAULI
1163 432 1514 485 HISTORIA
1552 431 2228 484 LANGOBARDORUM.
2306 431 2450 482 LIB.
2489 431 2585 482 lv.

594 625 784 668 suum
825 601 1226 666 dimicarunt.
1312 600 1389 664 In
1421 620 1551 687 quo
1596 599 1942 664 certamine
1982 621 2067 664 ex
2108 609 2377 686 utraque
2418 609 2603 684 parte
2646 597 2826 662 multa

595 685 772 751 milia
814 684 1200 750 ceciderunt.

762 771 864 835 29.
951 769 1136 833 Tunc
1187 767 1380 832 etiam
1434 766 1705 831 beatus¹²
1766 787 1940 866 papa
1998 766 2348 852 Gregorius
2402 767 2711 852 mig-ravit
2760 766 2825 829 ad

599 853 950 936 Christum,
1030 875 1178 916 cum
1242 853 1370 916 iam
1424 851 1635 916 Focas
1688 873 1805 936 per
1860 850 2275 916 mdictionem
2332 861 2626 916 octavam
2682 871 2827 914 anno

593 946 894 1024 regnaret
935 935 1216 1001 secundo
1239 948 1283 999 ¹.
1371 934 1575 1001 Cuius
1618 936 1687 998 in
1729 934 1943 999 locum
1959 937 1988 978 1‘
2042 935 2126 1000 ad
2168 933 2671 1020 apostolicatus⁶
2717 933 2822 998 offi-

594 1023 766 1085 cium
826 1021 1213 1086 Savinianus
1270 1027 1367 1083 est
1422 1019 1751 1084 ordinatus
1770 1030 1814 1082 ².
1898 1019 2054 1084 Fuit
2108 1031 2324 1084 autem
2378 1029 2535 1082 tunc
2554 1019 2583 1060 ‘¹
2643 1018 2825 1082 hiems

592 1105 870 1192 frigidae
915 1105 1125 1187 nimis,
1169 1114 1234 1168 et
1261 1114 1550 1168 mortuae
1596 1113 1747 1167 sunt
1786 1104 1949 1168 vites
1990 1126 2153 1190 pene
2195 1103 2297 1166 inf
2338 1102 2639 1167 omnibus
2675 1101 2825 1168 locis,

593 1190 840 1254 Messes
904 1210 1160 1274 quoque
1228 1188 1461 1273 partim
1514 1196 1802 1252 vastatae
1816 1198 1847 1241 8
1916 1195 2067 1252 sunt
2120 1210 2161 1252 a
2216 1188 2508 1253 muribus
2527 1235 2544 1268 ‚
2614 1187 2824 1271 partim

643 1295 940 1338 ercussae
984 1271 1250 1336 uredine
1280 1281 1694 1336 evanuerunt.
1780 1269 2031 1336 Debuit
2067 1272 2341 1336 etenim¹¹
2384 1280 2541 1334 tunc
2569 1269 2824 1333 mundus

595 1297 803 1422 {amei
851 1357 1152 1454 sitimque
1193 1357 1326 1502 pati
1341 1365 1386 1436 ³,
1433 1354 1690 1441 quando
1731 1355 2071 1420 recedente
2105 1365 2281 1421 tanto
2311 1355 2574 1419 doctore
2604 1355 2827 1418 animas

597 1442 930 1506 hominum
976 1441 1199 1526 spirita
1223 1441 1278 1503 is
1321 1439 1661 1504 alimoniae
1689 1440 1959 1525 penuria
1987 1440 2253 1527 sitisque
2282 1438 2549 1504 ariditas
2593 1437 2825 1502 invasit.

597 1524 788 1590 Libet
815 1549 968 1590 sane
997 1547 1100 1589 me
1121 1525 1376 1610 paucak
1406 1524 1487 1588 de
1511 1523 1798 1588 eiusdem
1821 1524 1991 1589 beati
2016 1523 2317 1622 Gregorii
2338 1545 2425 1608 pa
2470 1545 2548 1587 ae
2572 1523 2828 1608 quadam

598 1608 900 1696 epistola¹
931 1609 1136 1672 huicm
1167 1605 1476 1694 opusculo
1505 1609 1804 1688 inserere,
1848 1618 1963 1672 ut¹¹
1999 1616 2203 1694 possit
2228 1606 2388 1692 liqui
2438 1609 2537 1671 'us
2566 1607 2829 1692 agnosci,

602 1705 836 1793 quam⁰
882 1691 1138 1756 humilis
1167 1693 1286 1756 iste
1329 1692 1432 1754 vir
1471 1691 1665 1757 fuerit
1692 1702 2094 1778 quantaeque
2120 1692 2525 1756 innocentiae
2570 1701 2637 1756 et
2679 1711 2827 1756 sanc-

599 1778 817 1844 titatis.
902 1777 1030 1841 Hic
1061 1776 1338 1862 denique
1369 1777 1517 1839 cum
1548 1785 1889 1840 accusatus
1914 1785 2074 1862 aput
2100 1776 2480 1840 Mauritium
2508 1785 2829 1859 augustum

602 1872 667 1926 et
723 1863 860 1926 eius
917 1859 1088 1926 filio»
1144 1860 1396 1942 fuisset,
1465 1859 1643 1959 quod
1700 1859 1986 1925 Malcum
2004 1872 2033 1915 21
2096 1860 2421 1947 quendam
2472 1860 2828 1945 episcopum

601 1947 672 2010 in
737 1945 1062 2010 custodia*
1134 1966 1252 2043 pro
1317 1942 1537 2008 solidis
1618 1943 1981 2026 occidisset,
2054 1943 2341 2009 scribens
2402 1965 2524 2029 pro
2590 1943 2712 2008 hac
2770 1964 2829 2004 re

604 2028 943 2116 epistulam
1010 2029 1390 2094 Savmiano⁵
1437 2049 1553 2092 suo
1597 2028 2075 2113 apoehfisafiot,
2130 2029 2242 2115 qui
2284 2039 2420 2092 erat
2481 2051 2523 2091 a
2574 2038 2651 2091 ut
2689 2026 2827 2092 Con«

604 2112 1104 2200 stantinopolim‚
1148 2114 1314 2176 inter
1343 2121 1555 2177 cetera
1584 2113 1677 2176 sic
1721 2113 1872 2178 ait⁴z
1962 2112 2201 2177 ‘Unum
2231 2121 2328 2176 est
2369 2134 2498 2199 quo
2576 2111 2829 2178 breviter

605 2219 916 2284 suggeras
960 2197 1378 2262 serenissimis
1395 2208 1424 2238 ¹¹
1476 2195 1752 2266 dominis
1796 2198 2047 2280 nostris,
2092 2197 2262 2284 quia,
2318 2196 2414 2259 siv
2462 2218 2587 2281 ego
2634 2214 2831 2260 servus

605 2305 826 2347 eorum
869 2283 936 2346 in
979 2291 1228 2346 mortew
1271 2279 1378 2344 vel
1403 2279 2009 2366 Langobardorum¹
2052 2303 2155 2345 me
2183 2283 2454 2344 miscere
2482 2279 2831 2356 voluissem,

603 2367 794 2430 hodie
851 2366 950 2430 La
1039 2365 1429 2430 obardorum
1446 2377 1478 2418 Y
1561 2387 1721 2450 gens
1786 2387 1907 2430 nec
1968 2386 2186 2450 regem
2240 2386 2359 2428 nec
2429 2363 2633 2428 duces
2700 2367 2833 2426 *nec

608 2451 874 2515 comites
925 2451 1008 2516 ha
1055 2459 1188 2514 eret
1246 2459 1441 2536 atque
1498 2448 1569 2511 in
1584 2460 1608 2490 z
1670 2470 1922 2513 summa
1976 2449 2351 2514 confusione
2410 2447 2622 2512 divisa
2674 2453 2831 2512 esset.

609 2533 741 2598 Sed
799 2534 950 2620 quia
1006 2533 1225 2597 Deum
1279 2534 1475 2596 timeo
1557 2533 1627 2596 in
1678 2544 1882 2598 morte
1900 2543 1926 2574 ⁸
1998 2532 2338 2598 cuiuslibet
2403 2532 2685 2596 hominis
2750 2551 2835 2594 me

607 2619 919 2682 miscereb
972 2616 1267 2681 formido.
1366 2581 1616 2681 Maicus
1672 2626 1890 2682 autem
1960 2617 2166 2682 isdem
2182 2629 2208 2660 ⁰
2264 2616 2571 2703 episopus
2642 2635 2835 2700 neque

607 2814 654 2868 a)
687 2819 872 2856 sanctus
907 2816 962 2857 G.
995 2827 1040 2866 p.
1075 2814 1116 2856 G
1146 2817 1201 2866 43
1232 2827 1356 2866 papa
1385 2817 1495 2856 deest
1528 2818 1567 2857 B
1601 2819 1642 2859 1.
1680 2817 1721 2856 2.
1842 2815 1893 2870 b)
1924 2817 2028 2858 loco
2063 2815 2117 2856 G'.
2254 2813 2297 2867 c)
2329 2816 2619 2866 apostolatus
2655 2817 2836 2870 (aposto-

606 2877 725 2916 latos
769 2874 804 2916 O
835 2871 900 2926 Ι’1)
932 2873 975 2914 A
1006 2875 1047 2915 5.
1080 2877 1118 2915 Β
1154 2877 1226 2916 la.
1275 2876 1318 2915 2.
1351 2876 1402 2916 Ο.
1445 2875 1505 2916 D.
1553 2877 1590 2915 F·
1622 2876 1663 2918 5.
1696 2877 1741 2916 Η
1776 2877 1816 2921 1.
1966 2873 2013 2927 (1)
2046 2877 2157 2915 deest
2187 2876 2239 2918 Β.
2272 2875 2337 2926 G3
2384 2879 2541 2917 autem
2592 2877 2703 2915 deest
2732 2875 2772 2914 D
2801 2873 2835 2911 3.

606 2933 651 2984 e)
683 2934 902 2983 frigidam
931 2935 970 2974 F
1001 2937 1044 2974 1.
1194 2935 1230 2986 f)
1259 2935 1368 2974 deest
1397 2935 1438 2976 Β
1471 2937 1513 2974 1.
1664 2935 1711 2985 g)
1745 2938 1951 2975 vastatae
1997 2956 2051 2964 —
2096 2935 2267 2985 partim
2312 2935 2397 2976 des.
2431 2935 2482 2976 C.
2515 2936 2577 2975 D.
2609 2937 2649 2975 E
2683 2937 2707 2974 1
2740 2933 2841 2985 (post

605 2992 790 3045 suppa).
823 2990 940 3036 15⁰2.
1061 2991 1109 3044 h)
1143 2995 1267 3034 enim
1297 2993 1400 3036 As.
1522 2993 1557 3046 i)
1589 2995 1655 3033 ita
1683 2993 1725 3032 A
1745 2996 1783 3036 1.
1816 2996 1857 3034 2.
1893 2990 1953 3034 ’4.
1984 2995 2085 3034 Β1.
2120 2995 2160 3034 2.
2194 2995 2303 3043 Ε1;
2339 2994 2495 3034 famae
2530 2993 2573 3034 G
2606 2997 2658 3043 13
2688 2994 2841 3040 sitique

604 3055 778 3104 partim
807 3053 846 3092 B
880 3055 928 3104 13
975 3053 1143 3102 sitique
1174 3053 1329 3102 perire
1359 3054 1397 3092 Β
1431 3053 1471 3093 2.
1608 3051 1658 3105 k)
1692 3053 1803 3092 deest
1842 3054 1880 3092 B
1916 3056 1955 3092 1.
2002 3053 2036 3093 C
2069 3054 2110 3094 2.
2245 3051 2281 3104 1)
2314 3053 2565 3102 epistolam
2594 3053 2633 3092 F
2664 3055 2708 3094 1.
2740 3050 2779 3090 G
2806 3051 2839 3098 l,

605 3117 644 3152 et
672 3113 738 3152 ita
767 3113 818 3151 in
865 3109 1090 3163 archetypo
1125 3111 1270 3162 „misse
1293 3113 1515 3161 putarim3
1566 3113 1801 3160 quandam
1844 3113 2090 3162 epistolam
2124 3111 2173 3153 O.
2208 3113 2251 3152 D
2286 3114 2309 3151 1
2360 3112 2494 3165 (corr.
2529 3113 2729 3161 quadam
2761 3109 2841 3158 epi-

604 3171 758 3224 stola).
790 3171 830 3210 2.
876 3173 916 3212 Ε
949 3174 989 3211 1.
1023 3173 1060 3211 F
1093 3172 1132 3215 2.
1165 3172 1207 3212 4.
1238 3171 1262 3210 Ι
1295 3174 1337 3211 1.
1368 3172 1424 3220 23
1469 3172 1702 3219 quandam
1750 3171 2001 3224 (quendam
2036 3172 2081 3226 1)
2126 3181 2323 3220 paucam
2370 3171 2621 3221 epistolam
2661 3171 2700 3210 B
2736 3172 2775 3210 1.
2806 3167 2838 3205 2-

603 3229 669 3283 m)
701 3231 781 3272 vix
811 3228 854 3269 A
888 3233 937 3280 2;
969 3232 1091 3271 hunc
1119 3231 1158 3270 F
1192 3232 1232 3270 1.
1363 3228 1414 3281 n)
1447 3235 1494 3269 et
1524 3228 1566 3269 A
1600 3233 1651 3280 13
1684 3232 1911 3271 insereret
1940 3228 1983 3269 A
2018 3233 2067 3279 23
2098 3235 2150 3270 ut
2180 3241 2201 3270 ο
2229 3241 2346 3270 corr.
2378 3231 2421 3270 D
2457 3231 2497 3271 1.
2638 3226 2681 3280 o)
2716 3235 2838 3277 quam

608 3313 662 3322 —
692 3291 928 3330 Malchum
967 3295 1070 3339 post
1114 3289 1256 3338 suppl.
1303 3289 1346 3328 D
1379 3290 1420 3328 1.
1570 3287 1621 3340 p)
1652 3291 1716 3329 ita
1760 3289 1802 3329 A
1837 3291 1877 3330 1.
1910 3292 1963 3339 43
2010 3289 2135 3328 filius
2170 3287 2339 3342 (flliu?)
2375 3289 2411 3330 C
2442 3285 2517 3338 ‘13
2565 3289 2681 3329 filios
2713 3284 2840 3326 ceteri.

604 3349 652 3400 q)
684 3351 888 3390 Maleum
931 3361 1045 3389 corr.
1092 3349 1326 3388 Malchum
1357 3347 1400 3386 A
1431 3348 1484 3396 2;
1530 3348 1741 3388 Malchus
1784 3347 1827 3388 A
1858 3346 1929 3398 ⁸43
1976 3349 2210 3388 Malchum
2255 3349 2298 3388 A
2330 3348 2370 3386 3.
2416 3349 2457 3388 Β
2493 3350 2569 3391 la.
2602 3349 2645 3388 D
2670 3349 2718 3398 1,
2762 3344 2841 3383 alii·

603 3405 644 3458 r)
679 3409 933 3448 custodiam
963 3409 1001 3448 P
1035 3409 1075 3450 1.
1110 3406 1152 3447 G
1183 3409 1224 3449 1.
1261 3407 1302 3448 2.
1336 3407 1382 3447 3.
1504 3403 1545 3458 s)
1578 3405 1749 3447 Savino
1782 3407 1825 3446 A
1856 3409 1897 3450 2.
2016 3405 2052 3458 t)
2085 3408 2368 3458 apocrisario
2398 3406 2442 3447 A
2473 3403 2539 3446 ’2.
2570 3403 2633 3448 ’4.
2662 3407 2707 3446 5.
2746 3404 2779 3444 C
2802 3404 2837 3440 1-

603 3468 642 3506 E
676 3468 718 3508 1.
753 3467 796 3508 G
828 3469 868 3508 1.
903 3467 944 3508 2.
977 3467 1000 3506 1
1034 3469 1088 3518 13
1120 3466 1426 3516 apocrissario
1460 3465 1504 3506 G
1530 3467 1587 3515 43
1620 3467 1957 3516 apocrisarium
1985 3465 2029 3506 A
2050 3467 2105 3516 43
2137 3466 2431 3517 apocrisiario
2462 3466 2502 3506 B
2523 3467 2566 3508 2.
2603 3465 2732 3516 (35⁸,
2760 3461 2842 3502 alii.

605 3522 654 3575 u)
691 3526 801 3565 deest
830 3527 885 3565 Ε.
913 3525 967 3567 Ρ.
1000 3525 1054 3566 G.
1176 3522 1226 3576 v)
1257 3525 1326 3564 sic
1353 3526 1391 3564 F
1425 3526 1465 3563 1.
1501 3523 1543 3566 G
1575 3527 1616 3565 1.
1649 3526 1707 3576 43
1738 3536 1835 3566 non
1864 3527 1933 3566 sic
1966 3524 2203 3575 G5a381c
2234 3535 2329 3566 non
2362 3525 2403 3564 G
2436 3525 2587 3574 5b.c;
2616 3525 2726 3564 deese
2757 3520 2841 3562 (3³.

604 3581 668 3634 w)
699 3587 895 3624 mortem
927 3583 961 3623 C
993 3586 1035 3624 1.
1067 3585 1122 3628 F.
1155 3582 1197 3624 G
1231 3585 1451 3634 1-43111
1483 3594 1545 3627 m.
1576 3585 1663 3626 dee.
1696 3586 1735 3624 E
1771 3588 1811 3624 1.
1846 3605 1899 3614 —
1931 3585 2010 3625 vel
2041 3585 2153 3624 deest
2182 3583 2225 3624 A
2257 3582 2317 3625 ⁸2.
2352 3583 2449 3625 01.
2482 3583 2589 3624 Dl.
2622 3582 2717 3623 Ga.
2748 3579 2841 3622 111-

603 3639 655 3694 x>
686 3641 1097 3692 Langobardorum
1131 3664 1184 3672 —
1216 3643 1354 3683 hodie
1384 3643 1471 3684 du.
1504 3643 1543 3682 Β
1576 3645 1599 3682 1
1630 3641 1745 3695 (post
1775 3641 1958 3694 cuppa).
1994 3645 2034 3682 2.
2066 3645 2107 3684 8.
2142 3643 2207 3694 G;
2238 3654 2387 3683 eorum
2416 3643 2513 3682 loeo
2543 3643 2693 3682 habant
2726 3639 2767 3680 G
2794 3637 2839 3675 2:

602 3701 775 3741 vellem
807 3701 1056 3742 cuiuslibet
1095 3701 1296 3742 hominis
1336 3712 1411 3742 me
1456 3701 1679 3752 miscere3
1732 3701 1774 3742 G
1805 3703 1859 3744 5:
1900 3703 2314 3752 Langobardorum
2360 3703 2606 3742 consentio
2648 3704 2697 3740 et
2730 3698 2841 3738 siin

605 3759 760 3800 multis
805 3760 908 3811 ipse
955 3771 1028 3800 me
1074 3770 1171 3800 non
1215 3761 1617 3813 interposuissem‚
1664 3773 1779 3811 gens
1824 3762 1917 3802 ista
1962 3773 2064 3803 nec.
2215 3759 2264 3813 y)
2296 3771 2385 3801 nec
2430 3761 2580 3811 Lang.
2624 3768 2707 3800 nec
2737 3758 2775 3796 Β
2806 3757 2839 3794 1.

605 3816 649 3868 z)
683 3819 794 3858 deest
822 3818 866 3859 A
899 3821 940 3861 1.
974 3842 1027 3850 -
1059 3829 1284 3859 summam
1317 3819 1640 3861 confusionem
1669 3821 1768 3860 ΓΙ.
1889 3818 1936 3871 a)
1970 3825 2164 3861 mortem
2204 3821 2261 3861 E.
2293 3821 2346 3861 F.
2383 3819 2481 3862 G.1
2515 3823 2558 3862 1.
2682 3815 2737 3867 b)
2768 3814 2839 3853 ¹¹¹5-

605 3879 728 3920 sceri
755 3877 797 3918 A
829 3880 870 3920 2.
992 3875 1035 3929 c)
1067 3878 1243 3918 hisdem
1274 3877 1316 3918 A
1347 3875 1409 3920 ⁸2.
1445 3878 1506 3918 2?
1538 3880 1580 3922 3.
1613 3881 1657 3921 4.
1690 3881 1729 3920 Β
1764 3882 1803 3921 1.
1840 3881 1880 3919 2.
1912 3880 1951 3920 F
1985 3881 2027 3921 1.
2062 3879 2105 3920 G
2136 3879 2276 3928 1-43
2306 3879 2432 3919 idem
2462 3877 2507 3918 A
2542 3881 2582 3921 1.
2613 3877 2645 3917 B
2676 3875 2726 3919 3.

607 4045 665 4115 1)
707 4046 833 4098 Non
871 4046 998 4098 bene
1044 4045 1254 4098 Paulus
1309 4049 1598 4099 secundum
1655 4063 1859 4098 annum
1909 4045 2123 4113 imperii
2175 4045 2385 4098 Phocae
2441 4064 2557 4097 cum
2591 4051 2753 4096 morte
2788 4040 2835 4090 d.

607 4118 851 4188 Gregorii
877 4137 985 4187 per
1018 4118 1354 4172 ‘indictionem
1393 4131 1632 4174 octavam
1667 4119 1930 4188 illigavim
1976 4125 2179 4172 constat
2216 4119 2355 4171 enim
2391 4120 2488 4171 sub
2513 4121 2667 4186 finem
2708 4113 2837 4165 anni

607 4193 729 4245 602.
768 4194 1000 4245 Phocum
1033 4193 1298 4260 imperare
1341 4196 1584 4261 coepisse,
1638 4202 1878 4246 cwrrente
1922 4200 2077 4246 sexta
2122 4191 2425 4245 indictione.
2500 4194 2590 4244 BI.
2666 4189 2834 4239 Errat

602 4265 812 4319 Paulus
849 4267 1058 4318 Bedam
1094 4272 1332 4329 secutus,-
1373 4267 1661 4335 Greqorius
1702 4267 1827 4319 obiit
1864 4285 1917 4319 a.
1958 4268 2083 4330 604,
2121 4267 2235 4318 ind.
2271 4269 2319 4320 ⁷.
2398 4268 2509 4318 BE.
2644 4259 2711 4327 2)
2748 4259 2835 4310 Ε-’ῢ

607 4340 671 4391 G.
701 4347 854 4405 pont.
967 4340 1026 4408 3)
1063 4340 1148 4392 De
1171 4341 1328 4407 fame
1365 4343 1603 4406 referum
1624 4343 1688 4393 G.
1718 4349 1871 4408 pont.
1904 4339 2089 4392 Sabin.
2132 4346 2180 4392 et
2230 4340 2288 4393 V.
2312 4337 2551 4407 Greyorii
2582 4335 2651 4386 M.
2674 4351 2719 4388 c.
2746 4335 2829 4382 29.

606 4413 662 4474 4)
700 4413 831 4479 Req.
870 4413 976 4478 IV,
1014 4415 1102 4466 47.
