2984 4917
637 387 742 439 188
951 385 1175 438 PAULI
1213 385 1561 438 HISTORIA
1599 383 2265 438 LANGOBARDORUM.
2340 383 2486 434 LIB.
2526 383 2599 434 V.

629 554 816 620 nulus
834 565 880 636 ¹²,
925 554 1226 619 ducatum
1258 553 1535 619 tenebat.
1602 553 1731 634 Qui
1760 553 1974 618 statim
2003 563 2074 618 ut
2101 553 2190 615 im
2238 553 2503 616 cratoris
2528 549 2876 616 adventmn

631 640 954 738 cognovit,
1016 639 1360 703 nutricium
1417 660 1605 701 suum
1667 638 1922 702 nomine
1988 637 2193 702 Sesua
2216 635 2411 700 dumb
2476 635 2567 699 ad
2632 646 2875 722 patrem

632 721 1080 789 Gnmualdum
1121 732 1296 787 trans
1339 721 1589 786 Padum
1635 721 1888 803 direxit,
1932 722 2293 802 obsecran3‚
2338 729 2447 784 ut⁰
2490 721 2875 806 quantocius

630 810 878 874 veniret
927 805 1187 892 filioque
1252 827 1369 870 suo
1431 828 1510 868 ac
1571 806 2062 888 Beneventanis,
2130 827 2292 890 quos
2356 804 2496 889 ipse
2550 805 2874 884 nutrierat,

628 900 921 979 potenter
971 897 1390 954 succurreret.
1458 889 1693 970 Quodd
1752 889 2090 954 Grimuald
2147 911 2269 953 rex
2317 888 2611 971 audiens,
2672 889 2875 952 statim

633 999 783 1041 cum
839 975 1127 1040 exercitu
1185 973 1316 1038 filio
1380 973 1625 1038 laturus
1690 972 2003 1037 auxilium
2019 985 2044 1016 θ
2101 973 2547 1038 Beneventum
2612 994 2874 1059 pergere

633 1062 862 1146 coepit.
951 1059 1160 1140 Quem
1202 1057 1415 1144 plures
1459 1081 1544 1124 ex
1565 1056 2009 1144 Langobardis
2039 1058 2106 1120 in
2150 1057 2373 1120 itinere
2416 1055 2870 1143 relinquenteS,

633 1143 717 1208 ad
738 1144 1000 1229 propria
1019 1152 1400 1225 remearunt,
1418 1142 1721 1224 dicentes,
1747 1143 1900 1229 quia
1922 1141 2309 1227 expoliasset
2329 1139 2649 1239 palatium
2674 1151 2742 1205 et
2760 1141 2874 1203 iam

633 1249 765 1291 non
805 1249 1176 1291 reversurus
1219 1235 1534 1311 repeteret
1548 1227 1569 1269 f
1609 1226 2072 1290 Beneventum.
2155 1227 2419 1290 Intenm
2474 1226 2873 1310 imperatoris

640 1313 956 1377 exercitus
1009 1311 1448 1376 Beneventum
1505 1311 1776 1375 diversis
1834 1310 2144 1374 machinis
2212 1309 2630 1375 vehementer
2690 1331 2873 1394 expu-

404 1421 482 1475 ·p.
519 1423 617 1466 148.
728 1397 896 1476 abat,
941 1397 1236 1460 econtra*
1279 1393 1637 1459 *Romuald
1680 1416 1825 1458 cum
1853 1393 2299 1478 Langobardis
2340 1393 2593 1458 fortiter
2634 1395 2873 1457 resiste·

683 1491 808 1544 atss.
895 1480 1026 1560 Qui
1071 1481 1360 1566 quamvis
1406 1480 1600 1542 cumh
1642 1489 1820 1544 tanta
1860 1477 2263 1543 multitudine
2308 1476 2615 1563 congredi
2662 1476 2873 1540 manui

634 1564 718 1628 ad
772 1585 1035 1627 manum
1078 1574 1341 1649 propter
1395 1563 1785 1648 paucitatem
1845 1564 2165 1627 exercitus
2221 1584 2352 1626 non
2406 1561 2699 1642 auderet,
2768 1561 2873 1624 fre-

636 1657 904 1733 quenter
930 1657 1148 1711 tamen
1177 1669 1324 1710 cum
1368 1669 1451 1710 ex
1499 1647 1684 1711 editis
1727 1648 2065 1713 iuvenibus
2094 1645 2374 1711 hostium
2403 1655 2615 1709 castra
2644 1647 2873 1708 im'um-

679 1755 812 1814 em,
867 1752 1133 1816 magnas
1201 1730 1442 1795 eisdem
1544 1731 1855 1797 inferebat
1909 1731 2195 1817 undique
2254 1729 2487 1794 clades.
2577 1727 2871 1815 Cumque

699 1813 1005 1896 rimuald,
1064 1815 1201 1878 eius
1256 1823 1457 1902 pater,
1516 1815 1803 1900 iamque¹
1895 1836 1965 1879 ro
2016 1823 2221 1879 eraret
2237 1827 2299 1896 ¹¹¹,
2358 1813 2635 1879 eundem
2680 1815 2869 1878 nutri-

635 1900 811 1965 cium
841 1901 998 1979 eius,
1043 1898 1123 1963 de
1155 1921 1283 1997 quo
1313 1900 1777 1985 praemisimuS,
1810 1838 1893 1963 ag
1994 1902 2125 1962 ‘um
2152 1899 2347 1981 misit,
2395 1899 2510 1985 qui
2530 1911 2559 1940 ¹¹
2590 1899 2655 1962 ei
2686 1921 2867 1961 suum

632 1983 981 2047 adventum
1016 1994 1356 2048 nuntiaret.
1445 1983 1577 2063 Qui
1621 2005 1770 2047 cum
1858 2005 2014 2068 rope
2058 1983 2503 2048 Beneventum
2558 1983 2861 2060 venisset,

631 2090 672 2131 a
729 2068 958 2132 Grecis
1018 2077 1242 2153 captus
1299 2069 1672 2152 imperatori
1730 2005 1975 2132 delatus
2019 2076 2133 2131 est.
2222 2067 2394 2148 Qui⁰
2438 2068 2522 2131 ab
2569 2088 2644 2130 eo
2696 2065 2863 2128 unde

631 2151 998 2216 adveniretv
1043 2153 1394 2236 requirens,
1447 2150 1554 2214 ille
1599 2173 1666 2215 se
1710 2172 1749 2214 a
1794 2149 2170 2215 Grimualdo
2227 2173 2380 2236 rege
2434 2152 2660 2215 venire
2712 2150 2871 2213 dixit

631 2235 1034 2321 eundemque
1103 2249 1360 2322 regemq
1420 2236 1609 2299 citius
1666 2235 2005 2299 adventare
2062 2236 2397 2300 nuntiavit.
2514 2234 2868 2320 Statimque

631 2321 980 2407 imperator
1023 2321 1381 2401 exterrituS,
1427 2317 1767 2383 consilium
1813 2341 1957 2383 cum
2002 2321 2132 2383 suis
2174 2320 2336 2400 iniit,
2380 2328 2705 2405 quatenus
2737 2340 2869 2382 cum

630 2402 1027 2468 Romualdor
1068 2405 1519 2488 pacisceretur,
1564 2411 1675 2466 ut⁵
1718 2403 2056 2491 Neapolim
2098 2404 2303 2488 possit
2344 2403 2580 2467 reverti
2595 2406 2638 2465 ².

801 2487 860 2550 8.
947 2488 1408 2574 Acceptaqueu
1459 2487 1683 2551 obside
1712 2487 2054 2551 Romualdi
2098 2499 2439 2567 sororemv,
2488 2487 2592 2549 cui
2636 2508 2863 2550 nomen

633 2569 795 2635 Gisa
846 2570 998 2653 fuit,
1056 2593 1203 2635 cum
1262 2572 1484 2637 eodem
1544 2592 1773 2658 pacem
1814 2571 1983 2636 fecit.
2069 2571 2230 2634 Eius
2252 2585 2273 2617 1
2328 2592 2483 2635 vero
2528 2573 2869 2635 nutricium

697 2749 744 2818 ¹³)
783 2753 831 2802 A
871 2753 902 2801 6
944 2770 1008 2803 ex
1053 2753 1167 2803 vita
1205 2751 1264 2803 S.
1302 2754 1535 2805 Barbati
1582 2773 1625 2805 c.
1664 2756 1698 2803 4
1756 2771 1866 2820 sqq.
1916 2753 2046 2805 haec
2104 2753 2409 2818 ampliavit:
2475 2752 2549 2803 At
2590 2759 2783 2804 contra
2814 2753 2873 2802 R.
2953 2733 2954 2740 ἵ

785 2842 904 2875 cum
943 2827 1332 2892 Langobardis,
1371 2834 1430 2878 ut
1470 2834 1584 2880 erat
1622 2829 1991 2894 magnanimus
2024 2834 2079 2878 et
2114 2827 2497 2893 imperterritus
2537 2853 2611 2862 —-
2654 2826 2872 2878 revoluti

781 2915 905 2950 suos
945 2899 1145 2950 adeunt
1180 2899 1330 2952 fines.

633 3062 678 3115 a)
713 3065 776 3104 ica
807 3063 848 3103 A
884 3066 923 3106 1.
959 3065 998 3106 2.
1043 3066 1087 3106 D
1121 3067 1161 3106 1.
1209 3067 1246 3106 Ε
1283 3067 1322 3105 1.
1372 3065 1413 3106 G
1446 3068 1486 3106 1.
1523 3067 1563 3106 2.
1596 3064 1667 3116 ⁸33
1714 3066 1963 3106 iubenulus
1992 3066 2030 3104 F
2063 3067 2111 3113 13
2156 3064 2399 3104 iuveculus
2432 3062 2474 3103 A
2505 3063 2558 3113 83
2605 3064 2869 3104 iuvenculas

634 3123 668 3164 Ο
704 3126 743 3164 1.
777 3125 818 3165 2.
851 3123 894 3162 D
929 3124 970 3163 2.
1005 3124 1046 3175 8,
1079 3125 1171 3164 alii.
1291 3123 1338 3176 b)
1369 3126 1434 3164 ita
1467 3125 1518 3166 C.
1548 3127 1602 3166 F.
1636 3125 1676 3165 G
1708 3126 1749 3166 3.
1782 3126 1837 3174 43
1868 3124 2140 3164 Sesoaldum
2172 3125 2211 3163 A
2244 3125 2283 3174 1,
2315 3124 2417 3172 αἰτή
2450 3122 2749 3163 Seswaldum
2779 3122 2867 3162 Gl-

631 3183 676 3226 2.
697 3183 778 3233 503
811 3181 1072 3223 Sisoaldum
1101 3184 1144 3223 D
1163 3184 1204 3223 2.
1327 3181 1368 3232 e)
1401 3194 1508 3224 eum
1538 3187 1590 3224 ut
1617 3186 1670 3225 F.
1692 3184 1746 3224 G.
1781 3185 1862 3226 12.
1898 3185 1937 3224 3.
2058 3182 2103 3234 d)
2132 3193 2291 3222 novum
2324 3181 2457 3234 (VIII)
2490 3194 2589 3232 cap.
2620 3182 2710 3224 ine.
2742 3183 2782 3221 A
2810 3178 2862 3219 ⁸3.

630 3240 673 3293 e)
709 3243 885 3282 auxilio
917 3241 958 3281 A
991 3243 1033 3284 2.
1181 3241 1219 3294 f)
1251 3247 1461 3292 repetere
1493 3244 1531 3282 F
1565 3245 1604 3284 1.
1756 3241 1803 3296 g)
1836 3243 2080 3283 resistebat
2130 3263 2182 3273 -
2230 3243 2515 3290 paucitatem
2561 3242 2611 3281 in
2644 3239 2865 3290 exemplari

630 3302 746 3350 quod
774 3301 896 3342 codd.
943 3301 995 3341 F.
1045 3300 1100 3342 G.
1149 3303 1172 3341 Ι
1204 3302 1230 3340 3
1260 3303 1394 3342 secuti
1423 3307 1527 3341 sunt
1556 3303 1805 3352 defuerunt.
1882 3303 1937 3342 In
1981 3303 2018 3341 F
2054 3303 2076 3340 1
2108 3305 2323 3340 corrector
2354 3303 2493 3340 erasis
2524 3301 2752 3340 vocabulis
2778 3309 2864 3338 non

629 3361 874 3400 auderetet
904 3360 992 3399 alio
1022 3361 1311 3410 supplemento
1345 3360 1469 3413 (fort.
1503 3365 1713 3402 metuens
1744 3362 1974 3402 exercitus
2007 3361 2225 3409 congredi
2241 3369 2335 3398 non
2368 3361 2577 3407 auderet,
2607 3365 2661 3399 ue
2692 3357 2865 3406 videtur)
2951 3371 2952 3390 ³

629 3424 852 3470 conpuncto,
881 3420 1116 3468 supplevit:
1148 3421 1403 3461 resistebat.
1467 3421 1557 3468 Qui
1592 3443 1644 3451 —
1676 3431 1769 3460 non
1801 3421 2016 3469 auderet3
2046 3420 2083 3458 F
2116 3416 2162 3458 ⁸2
2192 3419 2384 3468 scripsit:
2432 3424 2480 3460 et
2510 3423 2680 3459 contra
2708 3419 2863 3458 Romu-

630 3477 786 3516 aldum
819 3489 860 3517 c.
891 3478 946 3517 1..
981 3477 1016 3520 f.
1046 3479 1273 3518 exercitus
1305 3491 1400 3519 non
1432 3481 1647 3529 auderet3
1677 3481 1700 3519 I
1731 3481 1786 3520 3:
1818 3480 2003 3520 fortiter
2033 3479 2240 3518 exerceri
2270 3488 2367 3518 non
2396 3479 2619 3528 auderet3
2650 3479 2693 3518 F
2723 3479 2751 3516 4
2772 3479 2865 3526 post

629 3535 809 3575 fortiter
838 3537 1043 3576 inseruit:
1088 3540 1133 3577 et
1163 3539 1202 3576 si
1232 3540 1403 3589 palam3
1430 3540 1466 3578 F
1500 3538 1525 3578 5
1557 3540 1679 3588 zeqit:
1712 3539 1815 3578 fort.
1843 3538 2103 3579 resistebat.
2172 3537 2262 3577 Sed
2293 3547 2398 3576 cum
2429 3537 2691 3577 exercitum
2723 3536 2865 3575 admo·

628 3605 740 3634 vere
772 3606 866 3634 non
896 3597 1110 3645 auderet3
1144 3594 1240 3641 Gl.
1259 3593 1319 3638 ‘3.
1337 3599 1392 3638 4:
1426 3608 1531 3638 cum
1560 3598 1741 3638 fortiter
1770 3598 1998 3638 exercitus
2030 3608 2125 3636 non
2155 3597 2363 3645 andei-013
2398 3595 2502 3637 Ga.
2524 3598 2608 3636 Sa.-
2638 3596 2863 3637 exereitus

631 3651 904 3704 (exercitum
936 3653 1010 3706 3a)
1056 3655 1346 3704 imperatoris
1378 3657 1729 3709 demoliebatur,
1778 3658 1845 3696 ita
1886 3659 2043 3696 tamen
2074 3658 2125 3695 ut
2154 3657 2204 3695 in
2235 3667 2312 3695 eos
2346 3665 2451 3696 cum
2484 3655 2739 3706 expeditis3
2768 3653 2811 3693 G
2836 3653 2861 3690 3

627 3712 676 3750 in
691 3712 782 3750 loco
813 3723 916 3751 raso
945 3714 1037 3752 alia
1065 3724 1226 3754 manu:
1260 3726 1364 3755 cum
1393 3717 1518 3756 foras
1549 3717 1805 3758 exercitum
1835 3716 2089 3765 producere
2119 3726 2211 3754 non
2243 3715 2449 3754 auderet.
2570 3714 2618 3764 h)
2646 3719 2747 3754 tum
2764 3717 2806 3754 A
2826 3715 2863 3752 2.

628 3767 664 3820 i)
699 3781 887 3810 manum
918 3782 1059 3811 manu
1090 3773 1130 3812 A
1162 3774 1204 3814 3.
1323 3772 1372 3825 k)
1407 3776 1475 3816 eis
1504 3777 1542 3814 B
1578 3778 1615 3814 1.
1750 3773 1785 3826 l)
1819 3775 1912 3814 iam
1953 3775 1990 3813 F
2020 3775 2062 3814 4.
2100 3773 2162 3822 G;
2206 3774 2393 3822 iamque
2423 3785 2539 3815 corr.
2585 3775 2861 3822 iamiamque

627 3829 672 3868 D
706 3830 748 3868 1.
780 3830 817 3868 F
852 3832 891 3880 1,
937 3835 975 3869 et
1004 3832 1068 3870 ita
1098 3834 1224 3872 ceteri
1265 3834 1321 3875 D.
1370 3833 1413 3873 A
1446 3835 1574 3876 2-6.
1617 3835 1655 3874 Β
1691 3835 1733 3875 1.
1768 3836 1837 3874 la.
1870 3834 1911 3876 2.
1955 3834 1991 3873 F
2024 3832 2064 3872 5.
2094 3833 2152 3873 H.
2302 3833 2367 3886 m)
2398 3834 2735 3882 propinquaret
2762 3833 2805 3870 D
2838 3833 2857 3867 1
2948 3865 2950 3888 Ι

627 3899 649 3928 e
678 3899 807 3938 corr„
839 3892 877 3927 et
906 3889 970 3928 ita
1001 3892 1125 3929 ceteri
1152 3891 1211 3932 D.
1242 3893 1287 3932 H
1320 3895 1366 3941 1;
1396 3894 1753 3944 propinquasset
1783 3892 1818 3934 G
1852 3893 1895 3935 2.
2013 3890 2062 3942 n)
2096 3901 2185 3940 que
2215 3892 2252 3930 F'
2272 3892 2311 3930 1·
2432 3891 2477 3944 0)
2508 3891 2599 3939 Qui
2630 3913 2689 3922 -
2718 3891 2864 3938 requi·
2948 3913 2950 3936 ι

626 3958 734 3988 rens
765 3948 851 3988 dee.
883 3948 925 3987 A
960 3950 1004 3989 1.
1038 3949 1080 3989 2.
1213 3948 1263 4001 p)
1296 3952 1563 3993 advenisset
1594 3952 1635 3993 G
1666 3952 1708 3993 3.
1742 3954 1797 3996 43
1842 3951 2023 3991 veniret
2068 3950 2105 3990 A
2139 3951 2180 3989 2.
2214 3950 2258 3990 8.
2291 3950 2332 3991 4.
2367 3951 2409 3990 6.
2440 3951 2573 3992 Dla.
2609 3951 2651 3991 2.
2685 3949 2728 3989 3.
2758 3950 2858 3988 ΕΙ.

625 4008 662 4046 F
696 4003 759 4048 ·2.
790 4007 831 4044 4-
864 4006 905 4048 5.
942 4005 983 4046 G
1013 4009 1082 4050 50.
1115 4008 1138 4046 Ι
1172 4009 1212 4048 2.
1243 4010 1281 4048 1.
1314 4012 1355 4052 1.
1462 4008 1511 4063 q)
1544 4021 1654 4061 rege
1684 4012 1721 4050 F
1756 4012 1797 4050 1.
1901 4007 1942 4060 r)
1974 4011 2233 4050 Rumualdo
2264 4010 2343 4049 hoc
2371 4011 2461 4049 loco
2494 4008 2537 4049 G
2571 4011 2608 4049 1.
2700 4007 2738 4060 s)
2770 4011 2817 4047 et
2844 4008 2857 4044 i

623 4065 868 4116 Neapolim
899 4064 941 4105 A
971 4067 1014 4107 2.
1134 4065 1170 4118 t)
1201 4070 1412 4109 revenire
1441 4072 1478 4110 F
1498 4073 1538 4110 1.
1656 4069 1706 4122 u)
1739 4067 1942 4120 Accepta
1973 4079 2155 4118 quoque
2186 4068 2286 4108 Aa.
2404 4067 2453 4120 v)
2484 4070 2547 4108 ita
2578 4067 2618 4108 A
2636 4069 2659 4107 1
2694 4079 2861 4107 emt-r..

625 4125 755 4166 2-5.
785 4127 823 4166 Β
860 4126 899 4168 1.
933 4127 974 4166 2.
1009 4125 1045 4167 G
1079 4126 1118 4167 1.
1151 4127 1194 4165 D
1230 4129 1268 4166 1.
1299 4129 1336 4168 F
1371 4130 1409 4170 1.
1448 4128 1489 4169 G
1523 4131 1562 4170 1.
1595 4130 1636 4170 2.
1670 4127 1741 4179 ‘83
1772 4139 1902 4168 soror
1936 4127 1975 4169 G
2008 4128 2058 4178 ὃς
2090 4137 2248 4168 sorore
2278 4128 2416 4168 ceteri.

624 4273 683 4341 1)
724 4276 848 4328 Non
906 4277 1030 4328 bene
1068 4277 1172 4328 sibi
1207 4277 1483 4330 cohaerere
1521 4277 1685 4329 Pauli
1720 4276 2100 4340 narrationem,
2147 4286 2320 4343 patet.
2396 4277 2659 4340 Fortasse,
2714 4293 2857 4342 quae

621 4349 687 4400 de
725 4347 986 4402 Sesualdo
1023 4352 1185 4418 refert
1213 4367 1404 4419 pacem
1430 4351 1801 4418 praecessisse,
1839 4352 2197 4410 statuendum,
2216 4359 2306 4404 est.
2763 4373 2768 4376 *
