2984 4917
370 1006 386 1023 ⁸
435 1012 547 1049 .13.

563 334 595 381 2
1016 332 1232 383 PAULI
1267 331 1612 382 HISTORIA
1650 332 2316 385 LANGOBARDORUM.

565 499 894 582 dificavit',
937 500 1051 565 aed
1095 498 1283 563 ‘nihil
1310 498 1386 563 de
1413 499 1603 563 rebus
1634 522 1797 584 quas
1840 501 2092 586 qenitor
2132 524 2292 565 suus
2336 502 2652 565 habuerat
2692 501 2773 567 ab

567 585 687 665 his,
733 586 849 668 qui
891 607 1000 648 eas
1043 585 1429 646 invaserant
1468 582 1672 669 lonya
1712 592 1767 647 et
1799 585 2121 649 diuturna
2214 587 2577 662 ossessione,
2624 607 2773 649 con-

567 670 822 752 quirere
855 668 1088 751 potuit'
1133 668 1338 751 (Hist.
1360 667 1574 752 Lanq.
1602 668 1718 748 IV,
1749 666 1885 749 37).
1969 669 2161 732 Fami
2185 672 2320 732 iam
2362 678 2574 733 tamen
2604 670 2779 731 inter

569 758 584 790 ‘
636 753 991 836 raecipuas
1032 749 1185 815 illas
1216 752 1603 835 prosapias’
1647 752 2072 898 sivelgfaras',
2132 775 2297 837 qaas
2343 752 2422 817 ab
2468 752 2775 834 Albuino,

569 774 829 919 gisulfo
873 836 1032 899 duce
1063 844 1334 918 petente,
1375 836 1448 897 in
1493 835 1756 920 reqione
1840 836 2219 921 orojuliensi
2260 858 2390 900 8888
2432 836 2775 901 collocatae

567 917 815 982 Paulus
858 927 1095 981 narrat
1137 924 1170 1001 (
1172 918 1261 998 II,
1290 917 1386 999 9),
1429 916 1837 1001 referendam
1880 940 2031 999 8888,
2072 919 2416 984 verisimile
2458 929 2609 984 est1.

733 1001 956 1067 *C'irca
1002 1025 1250 1065 annum
1294 1010 1364 1065 ut
1403 1003 1657 1066 videtur
1700 1001 2047 1066 720—725.
2090 1003 2342 1067 Paulas
2370 1012 2566 1067 natus
2587 1013 2632 1085 ²,
2674 1003 2778 1067 lit-

566 1086 719 1148 teris
761 1087 1116 1149 instructus
1160 1095 1253 1149 est
1296 1108 1338 1148 a
1365 1085 1701 1150 Flaviano
1716 1094 1761 1166 ³,
1808 1109 1987 1171 quem
2018 1096 2503 1171 praeceptorem
2542 1087 2780 1152 laudat

571 1174 604 1251 (
621 1167 722 1249 VI,
749 1167 856 1250 7),·
874 1168 1202 1254 puerulue
1224 1171 1416 1233 etiam
1434 1167 1755 1233 Graecam
1784 1168 2083 1255 linquam
2112 1172 2205 1233 ‘in
2237 1169 2489 1234 echoli8⁷
2520 1171 2776 1251 didicit,

565 1255 638 1317 in
671 1275 802 1337 qua
832 1262 1042 1317 tamen
1086 1276 1216 1317 non
1256 1252 1525 1316 multum
1566 1275 1630 1317 88
1664 1254 2022 1338 profecisse
2065 1255 2205 1338 ipse
2248 1263 2575 1318 testatur³.
2654 1254 2778 1319 Ubi

565 1334 880 1400 Flaviani
921 1336 1282 1422 disciplina
1325 1359 1486 1399 usus
1529 1338 1631 1417 sit,
1673 1339 2023 1417 incertum;
2077 1346 2401 1423 patruum
2444 1360 2592 1402 vero
2635 1340 2776 1401 e'us

566 1418 853 1501 Felicem,
899 1423 1034 1506 ‘qui
1061 1422 1134 1485 in
1166 1429 1302 1484 arte
1344 1420 1774 1505 yrammatica
1866 1422 2074 1501 oruit’,
2119 1445 2159 1485 a
2191 1445 2337 1508 reqe
2365 1420 2553 1486 valde
2584 1361 2775 1486 ᾱίἵ88-

569 1514 700 1567 tum
741 1526 891 1584 esse,
937 1528 1078 1568 cum
1117 1514 1126 1523 '
1171 1504 1422 1588 roserat
1447 1503 1722 1585 Paulus,
1801 1514 2044 1568 ortasse
2071 1504 2176 1567 ille
2208 1527 2454 1589 quoque
2483 1506 2555 1567 in
2586 1507 2778 1591 reqia

568 1596 860 1651 versatus
903 1598 994 1651 est
1037 1611 1123 1651 au
1155 1598 1260 1651 a4.
1346 1584 1449 1651 Ibi
1478 1589 1670 1651 etiam
1699 1587 1951 1652 Paulus
1978 1588 2249 1651 Ratchis
2281 1610 2348 1651 re
2402 1590 2456 1651 ἰ8
2500 1598 2779 1689 tempore

569 1677 668 1754 (a.
701 1671 1064 1751 744-749)
1110 1681 1535 1735 commoratus
1568 1680 1695 1735 est:
1738 1674 1811 1735 in
1856 1672 2136 1757 quodam
2179 1673 2283 1736 die
2306 1612 2485 1756 fgsto
2517 1674 2777 1757 princi-

561 1779 712 1840 pem
756 1754 1100 1838 poculum,
1161 1755 1333 1841 quod
1385 1754 1661 1818 Albuini
1702 1757 1901 1840 jussu
1962 1778 2041 1818 eoe
2102 1758 2313 1840 capite
2377 1754 2783 1821 Cunimundi

566 1841 741 1924 reyis
787 1837 1186 1940 Gepidorum
1229 1839 1404 1902 caesi
1425 1837 1689 1922 factum
1732 1847 1890 1918 erat,
1933 1862 2136 1901 manu
2180 1848 2484 1904 tenentem
2528 1848 2585 1903 et
2626 1863 2777 1903 con-

566 1925 731 1987 vivis
775 1946 912 1986 suis
958 1923 1382 1986 ostendentem
1412 1944 1732 2007 praesens
1762 1922 1926 1986 vidit
1954 1921 2080 2006 (II,
2106 1920 2241 2003 28).
2326 1923 2553 1986 Postea
2582 1924 2777 1987 Adel-

563 2028 827 2092 peryae,
857 2006 1191 2071 Desiderii
1218 2008 1390 2091 reyis
1404 2004 1616 2088 filiae,
1646 2007 1845 2069 uoeori
1876 2005 2062 2069 ducis
2090 2006 2376 2087 Arichis,
2410 2008 2524 2092 qui
2552 2015 2609 2070 et
2634 2008 2663 2069 i
2713 2030 2781 2071 se

568 2113 796 2176 yenere
827 2099 967 2155 erat
995 2090 1484 2175 Forojuliensis,
1510 2088 1986 2173 familiaritate
2017 2093 2400 2175 conjunctus
2430 2098 2539 2154 est.
2657 2093 2781 2175 jus

566 2175 801 2238 studiis
813 2174 999 2259 favit
1014 2184 1057 2257 ⁵,
1089 2174 1168 2238 ab
1200 2197 1295 2255 ea,
1325 2182 1398 2236 ut
1424 2176 1452 2238 i
1502 2197 1566 2237 88
1596 2170 1918 2238 calamum
1949 2176 2284 2259 arriperet,
2317 2174 2639 2237 adductus
2669 2183 2778 2237 est.

733 2260 968 2321 Eoestat
1031 2282 1286 2323 carmen
1356 2280 1416 2320 a.
1439 2197 1603 2321 3363.
1662 2259 2111 2342 compositum,
2178 2260 2457 2322 omni-um
2516 2279 2681 2342 quae
2735 2281 2781 2322 a

566 2341 775 2405 Paulo
817 2344 1067 2427 scripta
1111 2343 1432 2422 habemus,
1479 2351 1792 2425 quantum
1832 2341 2155 2426 indaqari
2182 2350 2409 2424 potest,
2457 2341 2777 2425 antiquie-

567 2427 815 2505 simum,
861 2449 983 2510 quo
1029 2426 1106 2489 de
1150 2448 1262 2489 eeoc
1307 2425 1622 2488 aetatibus
1662 2426 1893 2487 mundi
1934 2426 2244 2489 disseruit
2257 2448 2282 2505 ,·
2336 2424 2563 2488 litteris
2604 2446 2776 2505 ver0,

569 2532 612 2571 a
656 2509 887 2594 quibus
930 2512 1033 2573 sin
1083 2508 1232 2572 ulae
1273 2509 1577 2591 strophae
1618 2509 1968 2591 incipiunt,
2032 2506 2393 2591 Adelperga
2444 2508 2552 2593 pia
2596 2508 2774 2571 salu-

565 2602 761 2655 tatur.
854 2588 993 2665 Quo
1085 2615 1127 2655 a
1170 2592 1225 2655 b.
1262 2616 1342 2656 m.
1372 2592 1589 2654 Knust
1630 2613 1707 2652 eoe
1751 2591 1888 2657 cod.
1926 2592 2337 2655 Matriten8i⁰
2384 2592 2777 2676 descriptum

567 2678 682 2741 hoc
723 2674 857 2740 loco
899 2675 1034 2739 luci
1076 2676 1369 2740 dandum
1413 2675 1724 2739 duoeimue
1746 2686 1788 2735 ¹¹.

575 2837 823 2889 Timavus
845 2838 1066 2903 flavius,
1104 2836 1178 2888 ad
1214 2853 1366 2903 quem
1395 2836 1625 2887 Paulum
1662 2846 1847 2887 natum
1884 2852 1989 2887 8888
2015 2833 2358 2901 Epitaphium
2396 2837 2576 2902 refert,
2615 2836 2777 2887 castri

565 2910 709 2963 illiue
754 2910 959 2961 moenia
997 2910 1144 2960 haud
1181 2908 1370 2976 affluit.
1523 2908 1577 2975 1)
1616 2908 1703 2959 An
1742 2910 1912 2961 stricto
1944 2926 2101 2959 sensu
2136 2910 2359 2959 nobilem
2379 2908 2655 2975 familiam
2691 2910 2775 2960 di·

565 3002 674 3047 cas,
711 3000 827 3034 cum
865 2982 1077 3033 Dahnio
1109 3000 1168 3048 p.
1196 2984 1228 3033 3
1257 3000 1330 3047 sq.
1371 2980 1609 3033 dub-itari
1634 2988 1823 3047 potest.
1897 2981 2101 3031 Paulus
2152 2982 2217 3032 de
2250 2984 2436 3046 fratre
2472 3000 2567 3033 suo
2606 2991 2654 3033 et
2690 3000 2772 3033 εο-

563 3074 682 3109 rore
707 3055 910 3108 dicens:
949 3056 1212 3107 Nobilitas
1249 3057 1406 3123 periit
1442 3057 1666 3118 miseris,
1705 3056 1931 3106 accessit
1967 3060 2231 3120 aegestate,
2269 3056 2334 3106 de
2352 3054 2609 3120 familiae
2632 3064 2776 3107 statu

565 3129 838 3182 domestico
876 3128 1125 3197 coqitasse
1161 3127 1387 3180 videtwr.
1458 3128 1694 3179 Hildriei
1739 3145 1863 3179 vero
1908 3129 2099 3180 verba:
2152 3130 2360 3179 Eximio
2401 3129 2599 3179 dudum
2640 3130 2773 3179 Bar-

567 3205 746 3256 dorum
787 3208 1064 3255 stemmate
1103 3204 1291 3268 gentis,
1327 3219 1437 3252 non
1476 3202 1549 3252 ad
1586 3210 1747 3252 totam
1772 3201 2247 3269 Lanyobardorum
2280 3208 2499 3267 yentem,
2537 3200 2629 3253 sed
2665 3218 2774 3253 cer-

565 3284 674 3328 tum
710 3277 878 3344 ‚qentis
917 3284 1132 3327 stemma
1167 3275 1449 3343 referenda
1489 3291 1615 3339 8888,
1655 3292 1847 3327 censeo,
1998 3273 2055 3341 2)
2094 3274 2177 3324 De
2216 3282 2439 3339 tempore
2476 3274 2615 3325 nihil
2650 3274 2775 3325 certi

566 3358 794 3410 constat3
849 3349 942 3399 aed
990 3349 1218 3399 carmine
1263 3349 1334 3399 ad
1382 3346 1642 3398 Karolum
1689 3348 1825 3398 inter
1864 3364 1914 3397 a.
1957 3348 2080 3397 781.
2119 3355 2165 3397 et
2206 3346 2327 3396 786.
2364 3345 2557 3412 scripto
2599 3347 2773 3412 (infra

555 3440 616 3489 p.
644 3424 674 3471 9
669 3424 702 3487 )
745 3420 846 3471 ait:
885 3423 990 3471 iam
1017 3428 1273 3485 gravante
1301 3423 1466 3483 senio,
1506 3420 1647 3486 quod
1673 3418 2159 3485 quinquayenarius
2190 3417 2282 3469 vix
2312 3417 2481 3470 dicere
2497 3420 2771 3485 potuisset.

566 3495 624 3562 3)
676 3494 733 3548 V.
757 3492 908 3560 infra
923 3512 986 3559 p.
1013 3494 1064 3545 9.
1139 3494 1220 3543 De
1257 3510 1356 3559 quo
1395 3496 1462 3559 cf.
1500 3492 1567 3544 L.
1595 3493 1805 3557 Mulier,
1842 3491 2032 3543 Rhein.
2060 3492 2304 3542 Muscam
2329 3491 2546 3555 XXIII,
2563 3510 2623 3557 p.
2647 3494 2771 3543 202.

564 3568 624 3635 4)
661 3566 882 3618 Scholae
911 3565 1068 3618 etiam
1090 3564 1150 3617 in
1175 3568 1305 3616 aula
1331 3583 1436 3617 8888
1468 3573 1731 3631 poterant.
1880 3566 1938 3627 5)
1980 3568 2070 3630 qui
2097 3566 2399 3629 elegantiae
2426 3572 2551 3627 tuae
2578 3566 2769 3617 studiis

563 3657 771 3707 semper
795 3641 967 3692 fautor
993 3641 1160 3691 extiti.
1207 3639 1380 3703 Epi‘st.
1409 3639 1481 3689 ad
1506 3638 1735 3704 Adah’u·
1761 3638 1983 3689 ‘studiis’
2008 3638 2065 3687 in
2092 3636 2315 3689 editione
2326 3636 2563 3688 Hartelii
2586 3644 2658 3705 (p.
2684 3639 2769 3689 14.

561 3708 703 3779 n.'1)
753 3714 924 3765 minus
961 3720 1094 3763 recte
1133 3710 1402 3763 omittitur.
1587 3708 1643 3776 6)
1681 3709 1744 3761 A.
1770 3711 1853 3773 16,
1876 3710 1933 3777 f.
1972 3712 2071 3772 52,-
2129 3712 2195 3775 cf.
2236 3710 2392 3761 Arch.
2444 3710 2604 3773 VIII,
2646 3712 2769 3763 187.

561 3787 788 3837 Eosdem
815 3786 1110 3836 Betkmann
1133 3783 1192 3835 in
1217 3784 1328 3836 cod.
1354 3781 1675 3847 Florentino,
1702 3782 1909 3833 Strozzi
1934 3784 2019 3845 46,
2045 3783 2256 3835 membr.
2286 3784 2336 3845 8,
2364 3800 2403 3836 8.
2419 3784 2506 3833 Χ]
2520 3784 2641 3851 1⁷‚s.
2665 3786 2767 3837 10⁴.

560 3858 775 3921 invenit,
807 3859 900 3909 sed
922 3859 1095 3909 minue
1125 3865 1366 3908 accurate
1389 3854 1622 3921 scriptos.
1666 3854 1767 3917 Qui
1792 3866 2084 3921 sequuntur
2106 3873 2289 3908 versus
2310 3857 2373 3905 de
2391 3857 2549 3908 annis
2570 3875 2604 3907 a
2619 3857 2767 3923 prin·

562 3931 713 3999 cipio,
735 3950 769 3982 a
794 3932 854 3983 V.
871 3931 941 3983 Ol.
963 3928 1118 3982 Baiet
1137 3929 1396 3995 descripti,
1416 3928 1581 3979 Pauli
1599 3946 1705 3980 esse
1724 3938 2005 3994 nequeunt,
2026 3928 2217 3995 quippe
2238 3927 2329 3994 qui
2344 3927 2425 3979 ita
2450 3934 2768 3995 computent.-

852 4004 988 4055 Sunt
1025 4004 1322 4055 octodecim
1363 4010 1417 4053 et
1452 4005 1689 4053 sexcenti
1728 4019 1759 4052 a
1797 4002 2061 4070 baptismo
2100 4004 2316 4052 Domini

849 4078 988 4129 Anni
1027 4092 1194 4143 usque
1233 4078 1300 4126 ad
1342 4078 1621 4128 Scotorum
1661 4082 1881 4126 mortem
1920 4079 2062 4141 regis
2099 4074 2369 4126 Domnali.
2410 4099 2474 4111 —
2505 4104 2509 4109 ·

562 4148 711 4203 Alios
750 4150 976 4218 ejusdem
1012 4148 1306 4216 aryumenti
1351 4165 1536 4201 versus
1575 4165 1611 4198 a
1658 4147 2002 4214 Theodefin'do
2054 4148 2356 4213 compositos
2408 4147 2609 4205 exhibet
2654 4149 2767 4200 cod.

563 4223 724 4291 Sanq.
765 4223 868 4274 Nr.
908 4224 958 4285 2,
998 4239 1040 4272 8.
1095 4222 1245 4273 VIII
1249 4240 1267 4285 ,·
1317 4240 1368 4275 v.
1411 4220 1661 4273 Scherrer
1700 4221 1811 4272 Cat.
1840 4240 1905 4287 p.
1946 4223 1996 4272 2.
2160 4218 2217 4287 7)
2254 4220 2633 4289 Apeyraphum
2670 4219 2771 4272 sibi

560 4294 921 4350 transmissum
957 4312 1129 4365 nuper
1163 4296 1328 4347 Dalm
1358 4312 1416 4361 p.
1461 4296 1545 4348 76.
1580 4292 1813 4361 imprimi
1835 4294 1987 4360 fecit.

2980 380 2984 537 Ι

2979 572 2984 677 1
