<?xml version="1.0" encoding="UTF-8"?>
<!DOCTYPE html PUBLIC "-//W3C//DTD XHTML 1.0 Transitional//EN"
    "http://www.w3.org/TR/xhtml1/DTD/xhtml1-transitional.dtd">
<html xmlns="http://www.w3.org/1999/xhtml" xml:lang="en" lang="en">
 <head>
  <title>
</title>
<meta http-equiv="Content-Type" content="text/html;charset=utf-8" />
  <meta name='ocr-system' content='tesseract 3.04.00' />
  <meta name='ocr-capabilities' content='ocr_page ocr_carea ocr_par ocr_line ocrx_word'/>
</head>
<body>
  <div class='ocr_page' id='page_1' title='image "./scriptoresrerum05unkngoog_0025.png"; bbox 0 0 2984 4917; ppageno 0'>
   <div class='ocr_carea' id='block_1_1' title="bbox 619 372 2391 427">
    <p class='ocr_par' dir='ltr' id='par_1_1' title="bbox 619 372 2391 427">
     <span class='ocr_line' id='line_1_1' title="bbox 619 372 2391 427; baseline 0.001 -2"><span class='ocrx_word' id='word_1_1' title='bbox 619 375 839 427; x_wconf 90' lang='lat' dir='ltr'>PAULI</span> <span class='ocrx_word' id='word_1_2' title='bbox 877 373 1226 425; x_wconf 85' lang='lat' dir='ltr'><strong>HISTORIA</strong></span> <span class='ocrx_word' id='word_1_3' title='bbox 1264 373 1705 426; x_wconf 84' lang='lat' dir='ltr'>LANGOBARD</span> <span class='ocrx_word' id='word_1_4' title='bbox 1712 372 1933 426; x_wconf 83' lang='lat' dir='ltr'><strong><em>ORUM.</em></strong></span> <span class='ocrx_word' id='word_1_5' title='bbox 2326 376 2391 426; x_wconf 81' lang='lat'><strong><em>15</em></strong></span> 
     </span>
    </p>
   </div>
   <div class='ocr_carea' id='block_1_2' title="bbox 135 540 2579 1380">
    <p class='ocr_par' dir='ltr' id='par_1_2' title="bbox 135 540 2579 1380">
     <span class='ocr_line' id='line_1_2' title="bbox 141 540 2397 626; baseline -0 -17"><span class='ocrx_word' id='word_1_6' title='bbox 141 544 550 609; x_wconf 81' lang='lat' dir='ltr'><strong><em>enarranda</em></strong></span> <span class='ocrx_word' id='word_1_7' title='bbox 622 544 925 625; x_wconf 73' lang='lat' dir='ltr'><strong><em>suscepit.</em></strong></span> <span class='ocrx_word' id='word_1_8' title='bbox 1039 540 1174 606; x_wconf 90' lang='lat' dir='ltr'><strong><em>Nec</em></strong></span> <span class='ocrx_word' id='word_1_9' title='bbox 1244 551 1490 623; x_wconf 75' lang='lat' dir='ltr'><strong><em>tamen,</em></strong></span> <span class='ocrx_word' id='word_1_10' title='bbox 1562 563 1686 626; x_wconf 79' lang='lat' dir='ltr'><strong><em>quo</em></strong></span> <span class='ocrx_word' id='word_1_11' title='bbox 1750 550 2027 624; x_wconf 89' lang='lat' dir='ltr'><strong><em>tempore</em></strong></span> <span class='ocrx_word' id='word_1_12' title='bbox 2092 542 2397 609; x_wconf 76' lang='lat' dir='ltr'><strong><em>Historia</em></strong></span> 
     </span>
     <span class='ocr_line' id='line_1_3' title="bbox 143 625 2394 713; baseline 0 -22"><span class='ocrx_word' id='word_1_13' title='bbox 143 626 759 713; x_wconf 73' lang='lat' dir='ltr'><strong><em>Lanyobardorum</em></strong></span> <span class='ocrx_word' id='word_1_14' title='bbox 799 630 1062 709; x_wconf 75' lang='lat' dir='ltr'><strong><em>incepta</em></strong></span> <span class='ocrx_word' id='word_1_15' title='bbox 1106 627 1208 709; x_wconf 86' lang='lat' dir='ltr'><strong><em>sit,</em></strong></span> <span class='ocrx_word' id='word_1_16' title='bbox 1268 625 1365 690; x_wconf 80' lang='lat' dir='ltr'><strong><em>vel</em></strong></span> <span class='ocrx_word' id='word_1_17' title='bbox 1408 646 1534 709; x_wconf 80' lang='lat' dir='ltr'><strong><em>quo</em></strong></span> <span class='ocrx_word' id='word_1_18' title='bbox 1590 647 1766 691; x_wconf 74' lang='lat' dir='ltr'><strong><em>anno</em></strong></span> <span class='ocrx_word' id='word_1_19' title='bbox 1808 648 1981 690; x_wconf 86' lang='lat' dir='ltr'><strong><em>mors</em></strong></span> <span class='ocrx_word' id='word_1_20' title='bbox 2037 627 2257 708; x_wconf 80' lang='lat' dir='ltr'><strong><em>ipsum</em></strong></span> <span class='ocrx_word' id='word_1_21' title='bbox 2314 628 2394 691; x_wconf 83' lang='lat' dir='ltr'><strong><em>ab</em></strong></span> 
     </span>
     <span class='ocr_line' id='line_1_4' title="bbox 144 708 2395 796; baseline 0 -20"><span class='ocrx_word' id='word_1_22' title='bbox 144 733 354 796; x_wconf 83' lang='lat' dir='ltr'><strong><em>opere</em></strong></span> <span class='ocrx_word' id='word_1_23' title='bbox 397 708 769 795; x_wconf 69' lang='lat' dir='ltr'><strong><em>imperfecto</em></strong></span> <span class='ocrx_word' id='word_1_24' title='bbox 816 710 1206 791; x_wconf 81' lang='lat' dir='ltr'><strong><em>avocaverit,</em></strong></span> <span class='ocrx_word' id='word_1_25' title='bbox 1248 718 1519 775; x_wconf 76' lang='lat' dir='ltr'><strong><em>constat.</em></strong></span> <span class='ocrx_word' id='word_1_26' title='bbox 1601 708 1735 774; x_wconf 80' lang='lat' dir='ltr'><strong><em>Sed</em></strong></span> <span class='ocrx_word' id='word_1_27' title='bbox 1779 718 1925 774; x_wconf 74' lang='lat' dir='ltr'><strong><em>ante</em></strong></span> <span class='ocrx_word' id='word_1_28' title='bbox 1953 709 2193 775; x_wconf 87' lang='lat' dir='ltr'><strong><em>Karoli</em></strong></span> <span class='ocrx_word' id='word_1_29' title='bbox 2220 733 2395 776; x_wconf 90' lang='lat' dir='ltr'><strong><em>coro-</em></strong></span> 
     </span>
     <span class='ocr_line' id='line_1_5' title="bbox 140 792 2394 879; baseline -0.001 -19"><span class='ocrx_word' id='word_1_30' title='bbox 140 796 494 860; x_wconf 75' lang='lat' dir='ltr'><strong><em>nationem</em></strong></span> <span class='ocrx_word' id='word_1_31' title='bbox 515 793 1057 859; x_wconf 77' lang='lat' dir='ltr'><strong><em>Roma‘nameum</em></strong></span> <span class='ocrx_word' id='word_1_32' title='bbox 1079 792 1405 858; x_wconf 80' lang='lat' dir='ltr'><strong><em>calamum</em></strong></span> <span class='ocrx_word' id='word_1_33' title='bbox 1432 794 1827 877; x_wconf 75' lang='lat' dir='ltr'><strong><em>deposuisse,</em></strong></span> <span class='ocrx_word' id='word_1_34' title='bbox 1871 794 2187 879; x_wconf 79' lang='lat' dir='ltr'><strong><em>conjicere</em></strong></span> <span class='ocrx_word' id='word_1_35' title='bbox 2230 794 2394 859; x_wconf 81' lang='lat' dir='ltr'><strong><em>licet.</em></strong></span> 
     </span>
     <span class='ocr_line' id='line_1_6' title="bbox 140 876 2393 964; baseline -0 -22"><span class='ocrx_word' id='word_1_36' title='bbox 140 880 355 943; x_wconf 90' lang='lat' dir='ltr'><strong><em>Diem</em></strong></span> <span class='ocrx_word' id='word_1_37' title='bbox 399 878 610 944; x_wconf 85' lang='lat' dir='ltr'><strong><em>obitus</em></strong></span> <span class='ocrx_word' id='word_1_38' title='bbox 658 878 755 942; x_wconf 90' lang='lat'><strong><em>13.</em></strong></span> <span class='ocrx_word' id='word_1_39' title='bbox 800 877 1060 961; x_wconf 76' lang='lat' dir='ltr'><strong><em>Aprilis</em></strong></span> <span class='ocrx_word' id='word_1_40' title='bbox 1100 876 1566 964; x_wconf 75' lang='lat' dir='ltr'><strong><em>Necroloqium</em></strong></span> <span class='ocrx_word' id='word_1_41' title='bbox 1614 876 1961 943; x_wconf 80' lang='lat' dir='ltr'><strong><em>Casinense</em></strong></span> <span class='ocrx_word' id='word_1_42' title='bbox 1992 880 2393 943; x_wconf 67' lang='lat' dir='ltr'><strong><em>annotaviffl.</em></strong></span> 
     </span>
     <span class='ocr_line' id='line_1_7' title="bbox 135 961 2395 1062; baseline 0.001 -37"><span class='ocrx_word' id='word_1_43' title='bbox 135 963 330 1062; x_wconf 54' lang='lat' dir='ltr'><strong><em>Ejus</em></strong></span> <span class='ocrx_word' id='word_1_44' title='bbox 385 964 761 1026; x_wconf 83' lang='lat' dir='ltr'><strong><em>memoriam</em></strong></span> <span class='ocrx_word' id='word_1_45' title='bbox 817 984 966 1026; x_wconf 88' lang='lat' dir='ltr'><strong><em>vero</em></strong></span> <span class='ocrx_word' id='word_1_46' title='bbox 1027 961 1298 1025; x_wconf 82' lang='lat' dir='ltr'><strong><em>celebrat</em></strong></span> <span class='ocrx_word' id='word_1_47' title='bbox 1351 984 1613 1026; x_wconf 77' lang='lat' dir='ltr'><strong><em>carmen</em></strong></span> <span class='ocrx_word' id='word_1_48' title='bbox 1671 964 1747 1026; x_wconf 83' lang='lat' dir='ltr'><strong><em>in</em></strong></span> <span class='ocrx_word' id='word_1_49' title='bbox 1798 963 1945 1045; x_wconf 87' lang='lat' dir='ltr'><strong><em>ipso</em></strong></span> <span class='ocrx_word' id='word_1_50' title='bbox 2001 964 2395 1027; x_wconf 76' lang='lat' dir='ltr'><strong><em>monasterio</em></strong></span> 
     </span>
     <span class='ocr_line' id='line_1_8' title="bbox 139 1044 2395 1131; baseline 0 -21"><span class='ocrx_word' id='word_1_51' title='bbox 139 1068 295 1111; x_wconf 74' lang='lat' dir='ltr'><strong><em>sive</em></strong></span> <span class='ocrx_word' id='word_1_52' title='bbox 342 1046 422 1109; x_wconf 83' lang='lat' dir='ltr'><strong><em>ab</em></strong></span> <span class='ocrx_word' id='word_1_53' title='bbox 463 1044 767 1109; x_wconf 79' lang='lat' dir='ltr'><strong><em>Hildrico</em></strong></span> <span class='ocrx_word' id='word_1_54' title='bbox 813 1048 953 1131; x_wconf 80' lang='lat' dir='ltr'><strong><em>ejus</em></strong></span> <span class='ocrx_word' id='word_1_55' title='bbox 997 1044 1326 1129; x_wconf 81' lang='lat' dir='ltr'><strong><em>discipulo</em></strong></span> <span class='ocrx_word' id='word_1_56' title='bbox 1370 1048 1504 1109; x_wconf 85' lang='lat' dir='ltr'><strong><em>sive</em></strong></span> <span class='ocrx_word' id='word_1_57' title='bbox 1550 1046 1665 1109; x_wconf 80' lang='lat' dir='ltr'><strong><em>sub</em></strong></span> <span class='ocrx_word' id='word_1_58' title='bbox 1711 1047 1912 1131; x_wconf 77' lang='lat' dir='ltr'><strong><em>hujus</em></strong></span> <span class='ocrx_word' id='word_1_59' title='bbox 1954 1047 2215 1110; x_wconf 76' lang='lat' dir='ltr'><strong><em>nomine</em></strong></span> <span class='ocrx_word' id='word_1_60' title='bbox 2237 1044 2395 1131; x_wconf 87' lang='lat' dir='ltr'><strong><em>fac·</em></strong></span> 
     </span>
     <span class='ocr_line' id='line_1_9' title="bbox 136 1129 2395 1214; baseline 0 -21"><span class='ocrx_word' id='word_1_61' title='bbox 136 1140 294 1195; x_wconf 83' lang='lat' dir='ltr'><strong><em>tum</em></strong></span> <span class='ocrx_word' id='word_1_62' title='bbox 339 1139 396 1193; x_wconf 87' lang='lat' dir='ltr'><strong><em>et</em></strong></span> <span class='ocrx_word' id='word_1_63' title='bbox 437 1129 680 1193; x_wconf 81' lang='lat' dir='ltr'><strong><em>tumulo</em></strong></span> <span class='ocrx_word' id='word_1_64' title='bbox 723 1131 1135 1214; x_wconf 79' lang='lat' dir='ltr'><strong><em>inscriptum,</em></strong></span> <span class='ocrx_word' id='word_1_65' title='bbox 1180 1129 1353 1214; x_wconf 79' lang='lat' dir='ltr'><strong><em>quod</em></strong></span> <span class='ocrx_word' id='word_1_66' title='bbox 1384 1131 1681 1214; x_wconf 80' lang='lat' dir='ltr'><strong><em>quamvis</em></strong></span> <span class='ocrx_word' id='word_1_67' title='bbox 1724 1151 1943 1194; x_wconf 86' lang='lat' dir='ltr'><strong><em>errore</em></strong></span> <span class='ocrx_word' id='word_1_68' title='bbox 1986 1152 2120 1194; x_wconf 78' lang='lat' dir='ltr'><strong><em>‘non</em></strong></span> <span class='ocrx_word' id='word_1_69' title='bbox 2152 1140 2395 1211; x_wconf 89' lang='lat' dir='ltr'><strong><em>careat,</em></strong></span> 
     </span>
     <span class='ocr_line' id='line_1_10' title="bbox 191 1214 2579 1299; baseline 0 -22"><span class='ocrx_word' id='word_1_70' title='bbox 191 1236 363 1278; x_wconf 85' lang='lat' dir='ltr'><strong><em>rave</em></strong></span> <span class='ocrx_word' id='word_1_71' title='bbox 405 1222 620 1277; x_wconf 82' lang='lat' dir='ltr'><strong><em>tamen</em></strong></span> <span class='ocrx_word' id='word_1_72' title='bbox 664 1214 861 1277; x_wconf 82' lang='lat' dir='ltr'><strong><em>*vitae</em></strong></span> <span class='ocrx_word' id='word_1_73' title='bbox 920 1223 976 1277; x_wconf 85' lang='lat' dir='ltr'><strong><em>et</em></strong></span> <span class='ocrx_word' id='word_1_74' title='bbox 1032 1216 1408 1279; x_wconf 84' lang='lat' dir='ltr'><strong><em>meritorum</em></strong></span> <span class='ocrx_word' id='word_1_75' title='bbox 1465 1215 1609 1299; x_wconf 78' lang='lat' dir='ltr'><strong><em>ejus</em></strong></span> <span class='ocrx_word' id='word_1_76' title='bbox 1666 1214 2097 1278; x_wconf 80' lang='lat' dir='ltr'><strong><em>testimonium</em></strong></span> <span class='ocrx_word' id='word_1_77' title='bbox 2140 1223 2230 1278; x_wconf 87' lang='lat' dir='ltr'><strong><em>est</em></strong></span> <span class='ocrx_word' id='word_1_78' title='bbox 2280 1215 2579 1278; x_wconf 54' lang='lat' dir='ltr'><strong><em>kann-2³·</em></strong></span> 
     </span>
     <span class='ocr_line' id='line_1_11' title="bbox 137 1238 1894 1380; baseline -0.002 -17"><span class='ocrx_word' id='word_1_79' title='bbox 137 1238 510 1378; x_wconf 42' lang='lat' dir='ltr'><strong><em>gendum&amp;</em></strong></span> <span class='ocrx_word' id='word_1_80' title='bbox 557 1318 682 1380; x_wconf 82' lang='lat' dir='ltr'><strong><em>quo</em></strong></span> <span class='ocrx_word' id='word_1_81' title='bbox 726 1320 842 1361; x_wconf 77' lang='lat' dir='ltr'><strong><em>nec</em></strong></span> <span class='ocrx_word' id='word_1_82' title='bbox 887 1297 1002 1363; x_wconf 75' lang='lat' dir='ltr'><strong><em>hoc</em></strong></span> <span class='ocrx_word' id='word_1_83' title='bbox 1045 1298 1182 1361; x_wconf 83' lang='lat' dir='ltr'><strong><em>loco</em></strong></span> <span class='ocrx_word' id='word_1_84' title='bbox 1226 1318 1446 1361; x_wconf 90' lang='lat' dir='ltr'><strong><em>carere</em></strong></span> <span class='ocrx_word' id='word_1_85' title='bbox 1479 1308 1894 1380; x_wconf 53' lang='lat' dir='ltr'><strong><em>possumus&amp;</em></strong></span> 
     </span>
    </p>
   </div>
   <div class='ocr_carea' id='block_1_3' title="bbox 636 1432 1919 1519">
    <p class='ocr_par' dir='ltr' id='par_1_3' title="bbox 636 1432 1919 1519">
     <span class='ocr_line' id='line_1_12' title="bbox 636 1432 1919 1519; baseline 0.001 -22"><span class='ocrx_word' id='word_1_86' title='bbox 636 1433 1230 1519; x_wconf 81' lang='lat' dir='ltr'><strong><em>Epytaphyum</em></strong></span> <span class='ocrx_word' id='word_1_87' title='bbox 1274 1432 1516 1497; x_wconf 87' lang='lat' dir='ltr'><strong><em>Pauli</em></strong></span> <span class='ocrx_word' id='word_1_88' title='bbox 1560 1433 1919 1498; x_wconf 85' lang='lat' dir='ltr'><strong><em>diaeoni.</em></strong></span> 
     </span>
    </p>
   </div>
   <div class='ocr_carea' id='block_1_4' title="bbox 215 1535 2277 2879">
    <p class='ocr_par' dir='ltr' id='par_1_4' title="bbox 324 1535 2159 2291">
     <span class='ocr_line' id='line_1_13' title="bbox 329 1535 2107 1621; baseline -0.001 -19"><span class='ocrx_word' id='word_1_89' title='bbox 329 1535 670 1621; x_wconf 73' lang='lat' dir='ltr'><strong><em>Perspicua</em></strong></span> <span class='ocrx_word' id='word_1_90' title='bbox 715 1535 957 1600; x_wconf 86' lang='lat' dir='ltr'><strong><em>clarum</em></strong></span> <span class='ocrx_word' id='word_1_91' title='bbox 999 1536 1270 1601; x_wconf 80' lang='lat' dir='ltr'><strong><em>nimium</em></strong></span> <span class='ocrx_word' id='word_1_92' title='bbox 1314 1557 1460 1600; x_wconf 83' lang='lat' dir='ltr'><strong><em>eum</em></strong></span> <span class='ocrx_word' id='word_1_93' title='bbox 1505 1535 1676 1599; x_wconf 83' lang='lat' dir='ltr'><strong><em>fama</em></strong></span> <span class='ocrx_word' id='word_1_94' title='bbox 1765 1560 1833 1601; x_wconf 88' lang='lat' dir='ltr'><strong><em>er</em></strong></span> <span class='ocrx_word' id='word_1_95' title='bbox 1874 1557 2107 1601; x_wconf 89' lang='lat' dir='ltr'><strong><em>aevum</em></strong></span> 
     </span>
     <span class='ocr_line' id='line_1_14' title="bbox 324 1618 2083 1719; baseline 0 -35"><span class='ocrx_word' id='word_1_96' title='bbox 324 1620 498 1685; x_wconf 72' lang='lat' dir='ltr'><strong><em>Astra</em></strong></span> <span class='ocrx_word' id='word_1_97' title='bbox 541 1618 731 1683; x_wconf 88' lang='lat' dir='ltr'><strong><em>simul</em></strong></span> <span class='ocrx_word' id='word_1_98' title='bbox 772 1621 1061 1684; x_wconf 84' lang='lat' dir='ltr'><strong><em>iunctum</em></strong></span> <span class='ocrx_word' id='word_1_99' title='bbox 1104 1629 1390 1719; x_wconf 80' lang='lat' dir='ltr'><strong><em>pangant</em></strong></span> <span class='ocrx_word' id='word_1_100' title='bbox 1429 1629 1491 1684; x_wconf 87' lang='lat' dir='ltr'><strong><em>te</em></strong></span> <span class='ocrx_word' id='word_1_101' title='bbox 1538 1620 1701 1684; x_wconf 86' lang='lat' dir='ltr'><strong><em>caeti</em></strong></span> <span class='ocrx_word' id='word_1_102' title='bbox 1749 1642 1828 1696; x_wconf 67' lang='lat' dir='ltr'><strong><em>us</em></strong></span> <span class='ocrx_word' id='word_1_103' title='bbox 1866 1619 2083 1684; x_wconf 81' lang='lat' dir='ltr'><strong><em>almis:</em></strong></span> 
     </span>
     <span class='ocr_line' id='line_1_15' title="bbox 326 1701 2032 1790; baseline -0.001 -22"><span class='ocrx_word' id='word_1_104' title='bbox 326 1701 665 1785; x_wconf 65' lang='lat' dir='ltr'><strong><em>veridicae,</em></strong></span> <span class='ocrx_word' id='word_1_105' title='bbox 708 1702 920 1788; x_wconf 71' lang='lat' dir='ltr'><strong><em>levita,</em></strong></span> <span class='ocrx_word' id='word_1_106' title='bbox 965 1713 1109 1768; x_wconf 89' lang='lat' dir='ltr'><strong><em>tuos</em></strong></span> <span class='ocrx_word' id='word_1_107' title='bbox 1155 1726 1318 1790; x_wconf 74' lang='lat' dir='ltr'><strong><em>quus,</em></strong></span> <span class='ocrx_word' id='word_1_108' title='bbox 1364 1725 1632 1786; x_wconf 85' lang='lat' dir='ltr'><strong><em>summe,</em></strong></span> <span class='ocrx_word' id='word_1_109' title='bbox 1674 1704 2032 1789; x_wconf 87' lang='lat' dir='ltr'><strong><em>triumphos</em></strong></span> 
     </span>
     <span class='ocr_line' id='line_1_16' title="bbox 324 1785 1879 1873; baseline -0.001 -20"><span class='ocrx_word' id='word_1_110' title='bbox 324 1785 646 1869; x_wconf 79' lang='lat' dir='ltr'><strong><em>Lueifluis,</em></strong></span> <span class='ocrx_word' id='word_1_111' title='bbox 688 1786 906 1869; x_wconf 85' lang='lat' dir='ltr'><strong><em>Paule,</em></strong></span> <span class='ocrx_word' id='word_1_112' title='bbox 947 1788 1183 1873; x_wconf 86' lang='lat' dir='ltr'><strong><em>poterit</em></strong></span> <span class='ocrx_word' id='word_1_113' title='bbox 1224 1786 1598 1873; x_wconf 75' lang='lat' dir='ltr'><strong><em>depromere</em></strong></span> <span class='ocrx_word' id='word_1_114' title='bbox 1642 1786 1879 1851; x_wconf 76' lang='lat' dir='ltr'><strong><em>dietis?</em></strong></span> 
     </span>
     <span class='ocr_line' id='line_1_17' title="bbox 327 1870 2159 1959; baseline -0.001 -21"><span class='ocrx_word' id='word_1_115' title='bbox 327 1872 399 1938; x_wconf 87' lang='lat' dir='ltr'><strong><em>Ut</em></strong></span> <span class='ocrx_word' id='word_1_116' title='bbox 439 1881 552 1935; x_wconf 91' lang='lat' dir='ltr'><strong><em>tua</em></strong></span> <span class='ocrx_word' id='word_1_117' title='bbox 595 1871 708 1936; x_wconf 88' lang='lat' dir='ltr'><strong><em>sed</em></strong></span> <span class='ocrx_word' id='word_1_118' title='bbox 751 1870 950 1936; x_wconf 83' lang='lat' dir='ltr'><strong><em>lector</em></strong></span> <span class='ocrx_word' id='word_1_119' title='bbox 990 1892 1341 1958; x_wconf 86' lang='lat' dir='ltr'><strong><em>properans</em></strong></span> <span class='ocrx_word' id='word_1_120' title='bbox 1384 1870 1513 1934; x_wconf 84' lang='lat' dir='ltr'><strong><em>hue</em></strong></span> <span class='ocrx_word' id='word_1_121' title='bbox 1554 1882 1779 1936; x_wconf 84' lang='lat' dir='ltr'><strong><em>noscat</em></strong></span> <span class='ocrx_word' id='word_1_122' title='bbox 1822 1880 1885 1936; x_wconf 90' lang='lat' dir='ltr'><strong><em>et</em></strong></span> <span class='ocrx_word' id='word_1_123' title='bbox 1927 1872 2159 1959; x_wconf 84' lang='lat' dir='ltr'><strong><em>hospes</em></strong></span> 
     </span>
     <span class='ocr_line' id='line_1_18' title="bbox 329 1954 2002 2041; baseline -0.001 -21"><span class='ocrx_word' id='word_1_124' title='bbox 329 1955 594 2020; x_wconf 82' lang='lat' dir='ltr'><strong><em>Sacrata</em></strong></span> <span class='ocrx_word' id='word_1_125' title='bbox 635 1955 882 2019; x_wconf 87' lang='lat' dir='ltr'><strong><em>tumulo</em></strong></span> <span class='ocrx_word' id='word_1_126' title='bbox 926 1955 1329 2041; x_wconf 80' lang='lat' dir='ltr'><strong><em>requiescere</em></strong></span> <span class='ocrx_word' id='word_1_127' title='bbox 1371 1954 1662 2019; x_wconf 88' lang='lat' dir='ltr'><strong><em>membra</em></strong></span> <span class='ocrx_word' id='word_1_128' title='bbox 1704 1954 1822 2020; x_wconf 88' lang='lat' dir='ltr'><strong><em>sub</em></strong></span> <span class='ocrx_word' id='word_1_129' title='bbox 1861 1957 2002 2038; x_wconf 83' lang='lat' dir='ltr'><strong><em>isto,</em></strong></span> 
     </span>
     <span class='ocr_line' id='line_1_19' title="bbox 326 2037 2083 2125; baseline 0 -21"><span class='ocrx_word' id='word_1_130' title='bbox 326 2037 580 2119; x_wconf 79' lang='lat' dir='ltr'><strong><em>Laudis,</em></strong></span> <span class='ocrx_word' id='word_1_131' title='bbox 625 2038 917 2120; x_wconf 83' lang='lat' dir='ltr'><strong><em>amande,</em></strong></span> <span class='ocrx_word' id='word_1_132' title='bbox 960 2049 1108 2104; x_wconf 84' lang='lat' dir='ltr'><strong><em>tuae</em></strong></span> <span class='ocrx_word' id='word_1_133' title='bbox 1153 2040 1519 2103; x_wconf 83' lang='lat' dir='ltr'><strong><em>summatim</em></strong></span> <span class='ocrx_word' id='word_1_134' title='bbox 1564 2039 1844 2103; x_wconf 83' lang='lat' dir='ltr'><strong><em>carmine</em></strong></span> <span class='ocrx_word' id='word_1_135' title='bbox 1889 2040 2083 2125; x_wconf 81' lang='lat' dir='ltr'><strong><em>digno</em></strong></span> 
     </span>
     <span class='ocr_line' id='line_1_20' title="bbox 324 2120 1987 2209; baseline -0.001 -22"><span class='ocrx_word' id='word_1_136' title='bbox 324 2120 637 2187; x_wconf 72' lang='lat' dir='ltr'><strong><em>Almifieos</em></strong></span> <span class='ocrx_word' id='word_1_137' title='bbox 681 2133 860 2189; x_wconf 86' lang='lat' dir='ltr'><strong><em>aetus</em></strong></span> <span class='ocrx_word' id='word_1_138' title='bbox 905 2122 1172 2209; x_wconf 83' lang='lat' dir='ltr'><strong><em>dignum</em></strong></span> <span class='ocrx_word' id='word_1_139' title='bbox 1217 2132 1314 2187; x_wconf 88' lang='lat' dir='ltr'><strong><em>est</em></strong></span> <span class='ocrx_word' id='word_1_140' title='bbox 1355 2143 1637 2187; x_wconf 85' lang='lat' dir='ltr'><strong><em>reserare</em></strong></span> <span class='ocrx_word' id='word_1_141' title='bbox 1680 2122 1987 2187; x_wconf 81' lang='lat' dir='ltr'><strong><em>canendo.</em></strong></span> 
     </span>
     <span class='ocr_line' id='line_1_21' title="bbox 325 2205 1917 2291; baseline -0.001 -20"><span class='ocrx_word' id='word_1_142' title='bbox 325 2206 575 2271; x_wconf 83' lang='lat' dir='ltr'><strong><em>Eximio</em></strong></span> <span class='ocrx_word' id='word_1_143' title='bbox 622 2206 867 2272; x_wconf 85' lang='lat' dir='ltr'><strong><em>dudum</em></strong></span> <span class='ocrx_word' id='word_1_144' title='bbox 910 2205 1271 2270; x_wconf 88' lang='lat' dir='ltr'><strong><em>Bardorum</em></strong></span> <span class='ocrx_word' id='word_1_145' title='bbox 1315 2213 1647 2270; x_wconf 85' lang='lat' dir='ltr'><strong><em>stemmate</em></strong></span> <span class='ocrx_word' id='word_1_146' title='bbox 1690 2206 1917 2291; x_wconf 77' lang='lat' dir='ltr'><strong><em>gentiS,</em></strong></span> 
     </span>
    </p>

    <p class='ocr_par' dir='ltr' id='par_1_5' title="bbox 215 2288 2277 2879">
     <span class='ocr_line' id='line_1_22' title="bbox 215 2288 2277 2377; baseline -0.001 -23"><span class='ocrx_word' id='word_1_147' title='bbox 215 2299 230 2308; x_wconf 84' lang='lat'><strong>&#39;</strong></span> <span class='ocrx_word' id='word_1_148' title='bbox 324 2288 571 2354; x_wconf 81' lang='lat' dir='ltr'><strong><em>viribus</em></strong></span> <span class='ocrx_word' id='word_1_149' title='bbox 613 2300 812 2377; x_wconf 70' lang='lat' dir='ltr'><strong><em>atque.</em></strong></span> <span class='ocrx_word' id='word_1_150' title='bbox 848 2292 1044 2354; x_wconf 86' lang='lat' dir='ltr'><strong><em>armis</em></strong></span> <span class='ocrx_word' id='word_1_151' title='bbox 1088 2311 1252 2375; x_wconf 88' lang='lat' dir='ltr'><strong><em>quae</em></strong></span> <span class='ocrx_word' id='word_1_152' title='bbox 1294 2298 1447 2352; x_wconf 82' lang='lat' dir='ltr'><strong><em>tune</em></strong></span> <span class='ocrx_word' id='word_1_153' title='bbox 1492 2288 1854 2375; x_wconf 84' lang='lat' dir='ltr'><strong><em>opibusque</em></strong></span> <span class='ocrx_word' id='word_1_154' title='bbox 1896 2311 2015 2375; x_wconf 90' lang='lat' dir='ltr'><strong><em>per</em></strong></span> <span class='ocrx_word' id='word_1_155' title='bbox 2058 2288 2277 2354; x_wconf 88' lang='lat' dir='ltr'><strong><em>orbem</em></strong></span> 
     </span>
     <span class='ocr_line' id='line_1_23' title="bbox 324 2372 1805 2471; baseline -0.001 -34"><span class='ocrx_word' id='word_1_156' title='bbox 324 2373 596 2458; x_wconf 70' lang='lat' dir='ltr'><strong><em>insignis</em></strong></span> <span class='ocrx_word' id='word_1_157' title='bbox 639 2374 861 2456; x_wconf 84' lang='lat' dir='ltr'><strong><em>suerat,</em></strong></span> <span class='ocrx_word' id='word_1_158' title='bbox 909 2373 1238 2459; x_wconf 80' lang='lat' dir='ltr'><strong><em>sumpsisti</em></strong></span> <span class='ocrx_word' id='word_1_159' title='bbox 1279 2372 1533 2471; x_wconf 75' lang='lat' dir='ltr'><strong><em>generis</em></strong></span> <span class='ocrx_word' id='word_1_160' title='bbox 1579 2381 1805 2437; x_wconf 89' lang='lat' dir='ltr'><strong><em>ortum.</em></strong></span> 
     </span>
     <span class='ocr_line' id='line_1_24' title="bbox 325 2455 2177 2544; baseline -0.001 -22"><span class='ocrx_word' id='word_1_161' title='bbox 325 2458 481 2522; x_wconf 84' lang='lat' dir='ltr'><strong><em>&#39;l&#39;am</em></strong></span> <span class='ocrx_word' id='word_1_162' title='bbox 527 2458 720 2543; x_wconf 81' lang='lat' dir='ltr'><strong><em>digna</em></strong></span> <span class='ocrx_word' id='word_1_163' title='bbox 733 2469 779 2540; x_wconf 53' lang='grc' dir='ltr'><strong><em>ἃ,</em></strong></span> <span class='ocrx_word' id='word_1_164' title='bbox 825 2468 1188 2544; x_wconf 86' lang='lat' dir='ltr'><strong><em>postquam,</em></strong></span> <span class='ocrx_word' id='word_1_165' title='bbox 1229 2456 1466 2521; x_wconf 74' lang='lat' dir='ltr'><strong><em>nitidos</em></strong></span> <span class='ocrx_word' id='word_1_166' title='bbox 1512 2455 1625 2521; x_wconf 91' lang='lat' dir='ltr'><strong><em>ubi</em></strong></span> <span class='ocrx_word' id='word_1_167' title='bbox 1670 2479 1736 2521; x_wconf 84' lang='lat' dir='ltr'><strong><em>se</em></strong></span> <span class='ocrx_word' id='word_1_168' title='bbox 1787 2480 1822 2521; x_wconf 91' lang='lat' dir='ltr'><strong><em>e</em></strong></span> <span class='ocrx_word' id='word_1_169' title='bbox 1865 2456 2177 2521; x_wconf 90' lang='lat' dir='ltr'><strong><em>Timabus</em></strong></span> 
     </span>
     <span class='ocr_line' id='line_1_25' title="bbox 323 2539 1920 2627; baseline 0 -22"><span class='ocrx_word' id='word_1_170' title='bbox 323 2540 532 2605; x_wconf 72' lang='lat' dir='ltr'><strong><em>Amnis</em></strong></span> <span class='ocrx_word' id='word_1_171' title='bbox 576 2541 770 2607; x_wconf 90' lang='lat' dir='ltr'><strong><em>habet</em></strong></span> <span class='ocrx_word' id='word_1_172' title='bbox 812 2563 1052 2623; x_wconf 74' lang='lat' dir='ltr'><strong><em>eursuS,</em></strong></span> <span class='ocrx_word' id='word_1_173' title='bbox 1095 2542 1346 2625; x_wconf 87' lang='lat' dir='ltr'><strong><em>genitus</em></strong></span> <span class='ocrx_word' id='word_1_174' title='bbox 1389 2550 1460 2605; x_wconf 87' lang='lat' dir='ltr'><strong><em>tu</em></strong></span> <span class='ocrx_word' id='word_1_175' title='bbox 1505 2539 1683 2627; x_wconf 91' lang='lat' dir='ltr'><strong><em>prole</em></strong></span> <span class='ocrx_word' id='word_1_176' title='bbox 1796 2541 1920 2622; x_wconf 82' lang='lat' dir='ltr'><strong><em>isti,</em></strong></span> 
     </span>
     <span class='ocr_line' id='line_1_26' title="bbox 325 2622 1697 2723; baseline -0.003 -33"><span class='ocrx_word' id='word_1_177' title='bbox 325 2624 549 2690; x_wconf 85' lang='lat' dir='ltr'><strong><em>Divino</em></strong></span> <span class='ocrx_word' id='word_1_178' title='bbox 592 2626 900 2691; x_wconf 82' lang='lat' dir='ltr'><strong><em>instinctu</em></strong></span> <span class='ocrx_word' id='word_1_179' title='bbox 943 2625 1172 2712; x_wconf 85' lang='lat' dir='ltr'><strong><em>regalis</em></strong></span> <span class='ocrx_word' id='word_1_180' title='bbox 1215 2625 1507 2723; x_wconf 87' lang='lat' dir='ltr'><strong><em>protinus</em></strong></span> <span class='ocrx_word' id='word_1_181' title='bbox 1551 2622 1697 2687; x_wconf 77' lang='lat' dir='ltr'><strong><em>aula</em></strong></span> 
     </span>
     <span class='ocr_line' id='line_1_27' title="bbox 325 2706 2097 2796; baseline -0.002 -22"><span class='ocrx_word' id='word_1_182' title='bbox 325 2706 417 2774; x_wconf 78' lang='lat' dir='ltr'><strong><em>ob</em></strong></span> <span class='ocrx_word' id='word_1_183' title='bbox 464 2707 662 2773; x_wconf 84' lang='lat' dir='ltr'><strong><em>decus</em></strong></span> <span class='ocrx_word' id='word_1_184' title='bbox 707 2718 770 2774; x_wconf 88' lang='lat' dir='ltr'><strong><em>et</em></strong></span> <span class='ocrx_word' id='word_1_185' title='bbox 811 2709 1028 2774; x_wconf 91' lang='lat' dir='ltr'><strong><em>lumen</em></strong></span> <span class='ocrx_word' id='word_1_186' title='bbox 1068 2720 1314 2796; x_wconf 82' lang='lat' dir='ltr'><strong><em>patnae</em></strong></span> <span class='ocrx_word' id='word_1_187' title='bbox 1358 2718 1419 2773; x_wconf 88' lang='lat' dir='ltr'><strong><em>te</em></strong></span> <span class='ocrx_word' id='word_1_188' title='bbox 1464 2710 1739 2794; x_wconf 84' lang='lat' dir='ltr'><strong><em>sumpsit</em></strong></span> <span class='ocrx_word' id='word_1_189' title='bbox 1780 2706 2097 2773; x_wconf 85' lang='lat' dir='ltr'><strong><em>alendum.</em></strong></span> 
     </span>
     <span class='ocr_line' id='line_1_28' title="bbox 325 2790 2043 2879; baseline -0.002 -21"><span class='ocrx_word' id='word_1_190' title='bbox 325 2793 484 2858; x_wconf 81' lang='lat' dir='ltr'><strong><em>Cum</em></strong></span> <span class='ocrx_word' id='word_1_191' title='bbox 526 2802 638 2857; x_wconf 87' lang='lat' dir='ltr'><strong><em>tua</em></strong></span> <span class='ocrx_word' id='word_1_192' title='bbox 678 2802 826 2878; x_wconf 86' lang='lat' dir='ltr'><strong><em>post</em></strong></span> <span class='ocrx_word' id='word_1_193' title='bbox 866 2792 1149 2858; x_wconf 82' lang='lat' dir='ltr'><strong><em>ibidemb</em></strong></span> <span class='ocrx_word' id='word_1_194' title='bbox 1194 2790 1450 2879; x_wconf 89' lang='lat' dir='ltr'><strong><em>populis</em></strong></span> <span class='ocrx_word' id='word_1_195' title='bbox 1495 2802 1559 2857; x_wconf 90' lang='lat' dir='ltr'><strong><em>et</em></strong></span> <span class='ocrx_word' id='word_1_196' title='bbox 1598 2791 1859 2877; x_wconf 84' lang='lat' dir='ltr'><strong><em>regibus</em></strong></span> <span class='ocrx_word' id='word_1_197' title='bbox 1900 2790 2043 2857; x_wconf 81' lang='lat' dir='ltr'><strong><em>altis</em></strong></span> 
     </span>
    </p>
   </div>
   <div class='ocr_carea' id='block_1_5' title="bbox 142 2953 1686 3007">
    <p class='ocr_par' dir='ltr' id='par_1_6' title="bbox 142 2953 1686 3007">
     <span class='ocr_line' id='line_1_29' title="bbox 142 2953 1686 3007; baseline -0.002 -11"><span class='ocrx_word' id='word_1_198' title='bbox 142 2953 195 3007; x_wconf 78' lang='lat' dir='ltr'><strong><em>a)</em></strong></span> <span class='ocrx_word' id='word_1_199' title='bbox 233 2954 378 3003; x_wconf 74' lang='lat' dir='ltr'><strong><em>digna</em></strong></span> <span class='ocrx_word' id='word_1_200' title='bbox 408 2957 478 2995; x_wconf 86' lang='lat' dir='ltr'><strong><em>est</em></strong></span> <span class='ocrx_word' id='word_1_201' title='bbox 507 2966 541 2995; x_wconf 90' lang='lat' dir='ltr'><strong><em>c.</em></strong></span> <span class='ocrx_word' id='word_1_202' title='bbox 666 2953 712 3006; x_wconf 89' lang='lat' dir='ltr'><strong><em>b)</em></strong></span> <span class='ocrx_word' id='word_1_203' title='bbox 745 2956 808 2994; x_wconf 79' lang='lat' dir='ltr'><strong><em>ita</em></strong></span> <span class='ocrx_word' id='word_1_204' title='bbox 839 2966 978 3005; x_wconf 86' lang='lat' dir='ltr'><strong><em>corr.;</em></strong></span> <span class='ocrx_word' id='word_1_205' title='bbox 1009 2955 1199 2995; x_wconf 82' lang='lat' dir='ltr'><strong><em>tibidem</em></strong></span> <span class='ocrx_word' id='word_1_206' title='bbox 1231 2967 1286 3005; x_wconf 88' lang='lat' dir='ltr'><strong><em>c.;</em></strong></span> <span class='ocrx_word' id='word_1_207' title='bbox 1317 2955 1556 2995; x_wconf 64' lang='lat' dir='ltr'><strong><em>Tibi-idem</em></strong></span> <span class='ocrx_word' id='word_1_208' title='bbox 1589 2955 1686 2994; x_wconf 76' lang='lat' dir='ltr'><strong><em>edit.</em></strong></span> 
     </span>
    </p>
   </div>
   <div class='ocr_carea' id='block_1_6' title="bbox 133 3085 2467 4397">
    <p class='ocr_par' dir='ltr' id='par_1_7' title="bbox 133 3085 2467 4397">
     <span class='ocr_line' id='line_1_30' title="bbox 143 3085 2393 3153; baseline 0 -17"><span class='ocrx_word' id='word_1_209' title='bbox 143 3088 206 3151; x_wconf 87' lang='lat'><strong><em>1)</em></strong></span> <span class='ocrx_word' id='word_1_210' title='bbox 247 3085 419 3138; x_wconf 81' lang='lat' dir='ltr'><strong><em>Eidus</em></strong></span> <span class='ocrx_word' id='word_1_211' title='bbox 457 3085 655 3153; x_wconf 84' lang='lat' dir='ltr'><strong><em>Aprilis</em></strong></span> <span class='ocrx_word' id='word_1_212' title='bbox 707 3085 839 3137; x_wconf 90' lang='lat' dir='ltr'><strong><em>obiit</em></strong></span> <span class='ocrx_word' id='word_1_213' title='bbox 892 3087 1229 3137; x_wconf 84' lang='lat' dir='ltr'><strong><em>venerandus</em></strong></span> <span class='ocrx_word' id='word_1_214' title='bbox 1289 3088 1576 3136; x_wconf 84' lang='lat' dir='ltr'><strong><em>memoriae</em></strong></span> <span class='ocrx_word' id='word_1_215' title='bbox 1631 3086 1854 3137; x_wconf 84' lang='lat' dir='ltr'><strong><em>domnus</em></strong></span> <span class='ocrx_word' id='word_1_216' title='bbox 1889 3085 2089 3136; x_wconf 82' lang='lat' dir='ltr'><strong><em>Paulus</em></strong></span> <span class='ocrx_word' id='word_1_217' title='bbox 2135 3085 2393 3137; x_wconf 83' lang='lat' dir='ltr'><strong><em>diaeonus</em></strong></span> 
     </span>
     <span class='ocr_line' id='line_1_31' title="bbox 144 3155 2390 3225; baseline -0.001 -14"><span class='ocrx_word' id='word_1_218' title='bbox 144 3165 208 3211; x_wconf 87' lang='lat' dir='ltr'><strong><em>et</em></strong></span> <span class='ocrx_word' id='word_1_219' title='bbox 264 3160 587 3222; x_wconf 54' lang='lat' dir='ltr'><strong><em>monachum</em></strong></span> <span class='ocrx_word' id='word_1_220' title='bbox 645 3158 715 3225; x_wconf 79' lang='lat' dir='ltr'><strong><em>qf.</em></strong></span> <span class='ocrx_word' id='word_1_221' title='bbox 774 3157 1073 3211; x_wconf 76' lang='lat' dir='ltr'><strong><em>Betkmann</em></strong></span> <span class='ocrx_word' id='word_1_222' title='bbox 1120 3176 1181 3225; x_wconf 91' lang='lat' dir='ltr'><strong><em>p.</em></strong></span> <span class='ocrx_word' id='word_1_223' title='bbox 1230 3160 1353 3209; x_wconf 83' lang='lat'><strong><em>249.</em></strong></span> <span class='ocrx_word' id='word_1_224' title='bbox 1544 3157 1602 3225; x_wconf 83' lang='lat'><strong><em>2)</em></strong></span> <span class='ocrx_word' id='word_1_225' title='bbox 1659 3156 1882 3225; x_wconf 73' lang='lat' dir='ltr'><strong><em>Leqitur</em></strong></span> <span class='ocrx_word' id='word_1_226' title='bbox 1936 3158 1993 3207; x_wconf 80' lang='lat' dir='ltr'><strong><em>in</em></strong></span> <span class='ocrx_word' id='word_1_227' title='bbox 2044 3159 2157 3210; x_wconf 82' lang='lat' dir='ltr'><strong><em>cod.</em></strong></span> <span class='ocrx_word' id='word_1_228' title='bbox 2213 3155 2390 3209; x_wconf 82' lang='lat' dir='ltr'><strong><em>C&#39;asin.</em></strong></span> 
     </span>
     <span class='ocr_line' id='line_1_32' title="bbox 148 3229 2389 3297; baseline -0.002 -14"><span class='ocrx_word' id='word_1_229' title='bbox 148 3232 259 3283; x_wconf 83' lang='lat' dir='ltr'><strong><em>Nr.</em></strong></span> <span class='ocrx_word' id='word_1_230' title='bbox 308 3232 440 3294; x_wconf 82' lang='lat'><strong>353,</strong></span> <span class='ocrx_word' id='word_1_231' title='bbox 486 3232 542 3297; x_wconf 87' lang='lat' dir='ltr'><strong><em>f.</em></strong></span> <span class='ocrx_word' id='word_1_232' title='bbox 592 3231 726 3293; x_wconf 77' lang='lat'><strong>286,</strong></span> <span class='ocrx_word' id='word_1_233' title='bbox 796 3231 888 3282; x_wconf 76' lang='lat' dir='ltr'><strong><em>vix</em></strong></span> <span class='ocrx_word' id='word_1_234' title='bbox 953 3239 1126 3283; x_wconf 78' lang='lat' dir='ltr'><strong><em>tamen</em></strong></span> <span class='ocrx_word' id='word_1_235' title='bbox 1190 3247 1232 3281; x_wconf 91' lang='lat' dir='ltr'><strong><em>s.</em></strong></span> <span class='ocrx_word' id='word_1_236' title='bbox 1290 3230 1358 3281; x_wconf 79' lang='lat' dir='ltr'><strong><em>X.</em></strong></span> <span class='ocrx_word' id='word_1_237' title='bbox 1421 3231 1623 3293; x_wconf 80' lang='lat' dir='ltr'><strong><em>medio,</em></strong></span> <span class='ocrx_word' id='word_1_238' title='bbox 1691 3239 1749 3280; x_wconf 80' lang='lat' dir='ltr'><strong><em>ut</em></strong></span> <span class='ocrx_word' id='word_1_239' title='bbox 1804 3229 2105 3281; x_wconf 78' lang='lat' dir='ltr'><strong><em>Bethmann</em></strong></span> <span class='ocrx_word' id='word_1_240' title='bbox 2154 3231 2389 3295; x_wconf 78' lang='lat' dir='ltr'><strong><em>putavit,</em></strong></span> 
     </span>
     <span class='ocr_line' id='line_1_33' title="bbox 133 3301 2393 3373; baseline -0 -18"><span class='ocrx_word' id='word_1_241' title='bbox 133 3323 206 3373; x_wconf 82' lang='lat' dir='ltr'><strong><em>p.</em></strong></span> <span class='ocrx_word' id='word_1_242' title='bbox 262 3304 370 3355; x_wconf 80' lang='lat'><strong><em>250</em></strong></span> <span class='ocrx_word' id='word_1_243' title='bbox 425 3322 511 3367; x_wconf 62' lang='lat' dir='ltr'><strong><em>n„</em></strong></span> <span class='ocrx_word' id='word_1_244' title='bbox 567 3305 683 3367; x_wconf 83' lang='lat' dir='ltr'><strong><em>sed,</em></strong></span> <span class='ocrx_word' id='word_1_245' title='bbox 743 3312 801 3354; x_wconf 85' lang='lat' dir='ltr'><strong><em>ut</em></strong></span> <span class='ocrx_word' id='word_1_246' title='bbox 858 3304 1055 3355; x_wconf 82' lang='lat' dir='ltr'><strong><em>eruditi</em></strong></span> <span class='ocrx_word' id='word_1_247' title='bbox 1113 3301 1422 3356; x_wconf 79' lang='lat' dir='ltr'><strong><em>Oasinenses</em></strong></span> <span class='ocrx_word' id='word_1_248' title='bbox 1485 3312 1532 3355; x_wconf 87' lang='lat' dir='ltr'><strong><em>et</em></strong></span> <span class='ocrx_word' id='word_1_249' title='bbox 1588 3303 1646 3354; x_wconf 89' lang='lat' dir='ltr'><strong><em>V.</em></strong></span> <span class='ocrx_word' id='word_1_250' title='bbox 1696 3302 1769 3353; x_wconf 81' lang='grc' dir='ltr'><strong><em>ΟΖ.</em></strong></span> <span class='ocrx_word' id='word_1_251' title='bbox 1822 3301 2001 3353; x_wconf 79' lang='lat' dir='ltr'><strong><em>Sickel</em></strong></span> <span class='ocrx_word' id='word_1_252' title='bbox 2051 3320 2131 3357; x_wconf 90' lang='lat' dir='ltr'><strong><em>me</em></strong></span> <span class='ocrx_word' id='word_1_253' title='bbox 2181 3310 2393 3368; x_wconf 75' lang='lat' dir='ltr'><strong><em>petente</em></strong></span> 
     </span>
     <span class='ocr_line' id='line_1_34' title="bbox 149 3373 2394 3445; baseline -0.001 -16"><span class='ocrx_word' id='word_1_254' title='bbox 149 3386 514 3445; x_wconf 67' lang='lat' dir='ltr'><strong><em>agnoverant,</em></strong></span> <span class='ocrx_word' id='word_1_255' title='bbox 582 3394 625 3429; x_wconf 84' lang='lat' dir='ltr'><strong><em>s.</em></strong></span> <span class='ocrx_word' id='word_1_256' title='bbox 676 3376 777 3427; x_wconf 84' lang='grc' dir='ltr'><strong><em>ΧΙ.</em></strong></span> <span class='ocrx_word' id='word_1_257' title='bbox 837 3385 1055 3429; x_wconf 73' lang='lat' dir='ltr'><strong><em>exemite</em></strong></span> <span class='ocrx_word' id='word_1_258' title='bbox 1107 3377 1249 3443; x_wconf 85' lang='lat' dir='ltr'><strong><em>folio</em></strong></span> <span class='ocrx_word' id='word_1_259' title='bbox 1301 3392 1469 3427; x_wconf 80' lang='lat' dir='ltr'><strong><em>vacuo</em></strong></span> <span class='ocrx_word' id='word_1_260' title='bbox 1537 3376 1715 3428; x_wconf 83' lang='lat' dir='ltr'><strong><em>relicto</em></strong></span> <span class='ocrx_word' id='word_1_261' title='bbox 1786 3374 2111 3441; x_wconf 76' lang='lat' dir='ltr'><strong><em>inscriptum.</em></strong></span> <span class='ocrx_word' id='word_1_262' title='bbox 2207 3373 2394 3442; x_wconf 79' lang='lat' dir='ltr'><strong><em>Aperti</em></strong></span> 
     </span>
     <span class='ocr_line' id='line_1_35' title="bbox 149 3449 2389 3516; baseline -0.001 -14"><span class='ocrx_word' id='word_1_263' title='bbox 149 3468 280 3502; x_wconf 86' lang='lat' dir='ltr'><strong><em>vero</em></strong></span> <span class='ocrx_word' id='word_1_264' title='bbox 321 3450 586 3502; x_wconf 75' lang='lat' dir='ltr'><strong><em>scribendi</em></strong></span> <span class='ocrx_word' id='word_1_265' title='bbox 633 3466 863 3514; x_wconf 86' lang='lat' dir='ltr'><strong><em>errores,</em></strong></span> <span class='ocrx_word' id='word_1_266' title='bbox 913 3450 1169 3502; x_wconf 79' lang='lat' dir='ltr'><strong><em>vetustius</em></strong></span> <span class='ocrx_word' id='word_1_267' title='bbox 1221 3450 1490 3516; x_wconf 78' lang='lat' dir='ltr'><strong><em>exemplar</em></strong></span> <span class='ocrx_word' id='word_1_268' title='bbox 1528 3449 1611 3501; x_wconf 77' lang='lat' dir='ltr'><strong><em>hic</em></strong></span> <span class='ocrx_word' id='word_1_269' title='bbox 1650 3457 1918 3514; x_wconf 71' lang='lat' dir='ltr'><strong><em>exceptum</em></strong></span> <span class='ocrx_word' id='word_1_270' title='bbox 1956 3465 2094 3512; x_wconf 82' lang='lat' dir='ltr'><strong><em>esse,</em></strong></span> <span class='ocrx_word' id='word_1_271' title='bbox 2136 3449 2389 3514; x_wconf 73' lang='lat' dir='ltr'><strong><em>probant.</em></strong></span> 
     </span>
     <span class='ocr_line' id='line_1_36' title="bbox 155 3522 2393 3589; baseline -0 -14"><span class='ocrx_word' id='word_1_272' title='bbox 155 3523 312 3587; x_wconf 77' lang='lat' dir='ltr'><strong><em>Quae</em></strong></span> <span class='ocrx_word' id='word_1_273' title='bbox 351 3522 596 3575; x_wconf 76' lang='lat' dir='ltr'><strong><em>Chronici</em></strong></span> <span class='ocrx_word' id='word_1_274' title='bbox 633 3522 966 3575; x_wconf 76' lang='lat' dir='ltr'><strong><em>Salernitcmi</em></strong></span> <span class='ocrx_word' id='word_1_275' title='bbox 1016 3530 1202 3574; x_wconf 78' lang='lat' dir='ltr'><strong><em>auctor</em></strong></span> <span class='ocrx_word' id='word_1_276' title='bbox 1239 3540 1282 3574; x_wconf 89' lang='lat' dir='ltr'><strong><em>c.</em></strong></span> <span class='ocrx_word' id='word_1_277' title='bbox 1323 3524 1423 3586; x_wconf 83' lang='lat'><strong><em>37,</em></strong></span> <span class='ocrx_word' id='word_1_278' title='bbox 1462 3540 1527 3588; x_wconf 83' lang='lat' dir='ltr'><strong><em>p.</em></strong></span> <span class='ocrx_word' id='word_1_279' title='bbox 1568 3522 1706 3572; x_wconf 82' lang='lat'><em>489:</em></span> <span class='ocrx_word' id='word_1_280' title='bbox 1759 3537 1919 3589; x_wconf 88' lang='lat' dir='ltr'><strong><em>super</em></strong></span> <span class='ocrx_word' id='word_1_281' title='bbox 1970 3524 2085 3575; x_wconf 86' lang='lat' dir='ltr'><strong><em>eius</em></strong></span> <span class='ocrx_word' id='word_1_282' title='bbox 2133 3522 2393 3574; x_wconf 82' lang='lat' dir='ltr'><strong><em>tumulum</em></strong></span> 
     </span>
     <span class='ocr_line' id='line_1_37' title="bbox 147 3595 2391 3665; baseline -0.001 -16"><span class='ocrx_word' id='word_1_283' title='bbox 147 3599 348 3665; x_wconf 77' lang='lat' dir='ltr'><strong><em>partim</em></strong></span> <span class='ocrx_word' id='word_1_284' title='bbox 399 3612 536 3664; x_wconf 77' lang='lat' dir='ltr'><strong><em>quae</em></strong></span> <span class='ocrx_word' id='word_1_285' title='bbox 586 3599 642 3647; x_wconf 89' lang='lat' dir='ltr'><strong><em>in</em></strong></span> <span class='ocrx_word' id='word_1_286' title='bbox 691 3598 795 3650; x_wconf 83' lang='lat' dir='ltr'><strong><em>hoe</em></strong></span> <span class='ocrx_word' id='word_1_287' title='bbox 844 3596 1043 3648; x_wconf 85' lang='lat' dir='ltr'><strong><em>mundo</em></strong></span> <span class='ocrx_word' id='word_1_288' title='bbox 1080 3598 1277 3663; x_wconf 82' lang='lat' dir='ltr'><strong><em>gessit,</em></strong></span> <span class='ocrx_word' id='word_1_289' title='bbox 1328 3597 1521 3663; x_wconf 84' lang='lat' dir='ltr'><strong><em>partim</em></strong></span> <span class='ocrx_word' id='word_1_290' title='bbox 1573 3596 1639 3646; x_wconf 83' lang='lat' dir='ltr'><strong><em>de</em></strong></span> <span class='ocrx_word' id='word_1_291' title='bbox 1680 3596 1793 3647; x_wconf 87' lang='lat' dir='ltr'><strong><em>eius</em></strong></span> <span class='ocrx_word' id='word_1_292' title='bbox 1831 3595 2166 3661; x_wconf 83' lang='lat' dir='ltr'><strong><em>prudeneiis,</em></strong></span> <span class='ocrx_word' id='word_1_293' title='bbox 2219 3612 2391 3662; x_wconf 85' lang='lat' dir='ltr'><strong><em>quove</em></strong></span> 
     </span>
     <span class='ocr_line' id='line_1_38' title="bbox 152 3668 2391 3739; baseline -0.001 -17"><span class='ocrx_word' id='word_1_294' title='bbox 152 3670 488 3737; x_wconf 81' lang='lat' dir='ltr'><strong><em>temporibus</em></strong></span> <span class='ocrx_word' id='word_1_295' title='bbox 524 3670 885 3737; x_wconf 82' lang='lat' dir='ltr'><strong><em>perdurasset,</em></strong></span> <span class='ocrx_word' id='word_1_296' title='bbox 925 3672 1093 3721; x_wconf 80' lang='lat' dir='ltr'><strong><em>sacris</em></strong></span> <span class='ocrx_word' id='word_1_297' title='bbox 1130 3669 1321 3739; x_wconf 80' lang='lat' dir='ltr'><strong><em>litteris</em></strong></span> <span class='ocrx_word' id='word_1_298' title='bbox 1351 3675 1624 3721; x_wconf 83' lang='lat' dir='ltr'><strong><em>exaratum</em></strong></span> <span class='ocrx_word' id='word_1_299' title='bbox 1648 3671 1965 3732; x_wconf 86' lang='lat' dir='ltr'><strong><em>invenimus,</em></strong></span> <span class='ocrx_word' id='word_1_300' title='bbox 2006 3669 2189 3720; x_wconf 83' lang='lat' dir='ltr'><strong><em>eadem</em></strong></span> <span class='ocrx_word' id='word_1_301' title='bbox 2213 3668 2391 3737; x_wconf 82' lang='lat' dir='ltr'><strong><em>fuisse</em></strong></span> 
     </span>
     <span class='ocr_line' id='line_1_39' title="bbox 156 3741 2392 3809; baseline -0.001 -13"><span class='ocrx_word' id='word_1_302' title='bbox 156 3743 430 3808; x_wconf 64' lang='lat' dir='ltr'><strong><em>videntum,</em></strong></span> <span class='ocrx_word' id='word_1_303' title='bbox 469 3751 760 3809; x_wconf 75' lang='lat' dir='ltr'><strong><em>temporum</em></strong></span> <span class='ocrx_word' id='word_1_304' title='bbox 795 3744 932 3795; x_wconf 75' lang='lat' dir='ltr'><strong><em>notis</em></strong></span> <span class='ocrx_word' id='word_1_305' title='bbox 971 3751 1148 3805; x_wconf 80' lang='lat' dir='ltr'><strong><em>aucta,</em></strong></span> <span class='ocrx_word' id='word_1_306' title='bbox 1187 3759 1341 3808; x_wconf 78' lang='lat' dir='ltr'><strong><em>quae,</em></strong></span> <span class='ocrx_word' id='word_1_307' title='bbox 1379 3743 1472 3793; x_wconf 73' lang='lat' dir='ltr'><strong><em>vix</em></strong></span> <span class='ocrx_word' id='word_1_308' title='bbox 1511 3742 1747 3794; x_wconf 82' lang='lat' dir='ltr'><strong><em>versibus</em></strong></span> <span class='ocrx_word' id='word_1_309' title='bbox 1786 3757 2081 3807; x_wconf 70' lang='lat' dir='ltr'><strong><em>conpressae,</em></strong></span> <span class='ocrx_word' id='word_1_310' title='bbox 2119 3742 2179 3792; x_wconf 80' lang='lat' dir='ltr'><strong><em>in</em></strong></span> <span class='ocrx_word' id='word_1_311' title='bbox 2216 3741 2392 3794; x_wconf 82' lang='lat' dir='ltr'><strong><em>codice</em></strong></span> 
     </span>
     <span class='ocr_line' id='line_1_40' title="bbox 155 3814 2467 3883; baseline -0.002 -14"><span class='ocrx_word' id='word_1_312' title='bbox 155 3833 270 3869; x_wconf 77' lang='lat' dir='ltr'><strong><em>mm</em></strong></span> <span class='ocrx_word' id='word_1_313' title='bbox 308 3824 432 3867; x_wconf 61' lang='grc' dir='ltr'><strong><em>θωπί</em></strong></span> <span class='ocrx_word' id='word_1_314' title='bbox 467 3817 737 3883; x_wconf 78' lang='lat' dir='ltr'><strong><em>repetitae.</em></strong></span> <span class='ocrx_word' id='word_1_315' title='bbox 813 3816 980 3868; x_wconf 81' lang='lat' dir='ltr'><strong><em>Dalm</em></strong></span> <span class='ocrx_word' id='word_1_316' title='bbox 1029 3816 1295 3883; x_wconf 79' lang='lat' dir='ltr'><strong><em>epitaphio</em></strong></span> <span class='ocrx_word' id='word_1_317' title='bbox 1347 3832 1549 3867; x_wconf 75' lang='lat' dir='ltr'><strong><em>omnem</em></strong></span> <span class='ocrx_word' id='word_1_318' title='bbox 1598 3816 1967 3882; x_wconf 73' lang='lat' dir='ltr'><strong><em>deneycmdam</em></strong></span> <span class='ocrx_word' id='word_1_319' title='bbox 2005 3822 2171 3880; x_wconf 81' lang='lat' dir='ltr'><strong><em>putat</em></strong></span> <span class='ocrx_word' id='word_1_320' title='bbox 2206 3814 2391 3881; x_wconf 59' lang='lat' dir='ltr'><strong><em>fidens,</em></strong></span> <span class='ocrx_word' id='word_1_321' title='bbox 2464 3862 2467 3865; x_wconf 80' lang='grc'>,</span> 
     </span>
     <span class='ocr_line' id='line_1_41' title="bbox 155 3887 2392 3957; baseline -0.001 -16"><span class='ocrx_word' id='word_1_322' title='bbox 155 3890 292 3957; x_wconf 80' lang='lat' dir='ltr'><strong><em>quia</em></strong></span> <span class='ocrx_word' id='word_1_323' title='bbox 329 3890 396 3941; x_wconf 79' lang='lat' dir='ltr'><strong><em>de</em></strong></span> <span class='ocrx_word' id='word_1_324' title='bbox 433 3898 660 3955; x_wconf 85' lang='lat' dir='ltr'><strong><em>tempore</em></strong></span> <span class='ocrx_word' id='word_1_325' title='bbox 697 3905 800 3956; x_wconf 76' lang='lat' dir='ltr'><strong><em>quo</em></strong></span> <span class='ocrx_word' id='word_1_326' title='bbox 826 3890 1031 3941; x_wconf 81' lang='lat' dir='ltr'><strong><em>Paulus</em></strong></span> <span class='ocrx_word' id='word_1_327' title='bbox 1069 3890 1444 3942; x_wconf 73' lang='lat' dir='ltr'><strong><em>monasterium</em></strong></span> <span class='ocrx_word' id='word_1_328' title='bbox 1484 3888 1767 3940; x_wconf 79' lang='lat' dir='ltr'><strong><em>Oasinense</em></strong></span> <span class='ocrx_word' id='word_1_329' title='bbox 1801 3889 2068 3955; x_wconf 72' lang='lat' dir='ltr'><strong><em>inqressus</em></strong></span> <span class='ocrx_word' id='word_1_330' title='bbox 2107 3896 2181 3939; x_wconf 83' lang='lat' dir='ltr'><strong><em>est</em></strong></span> <span class='ocrx_word' id='word_1_331' title='bbox 2217 3887 2392 3939; x_wconf 75' lang='lat' dir='ltr'><strong><em>minus</em></strong></span> 
     </span>
     <span class='ocr_line' id='line_1_42' title="bbox 153 3962 2391 4030; baseline -0.001 -17"><span class='ocrx_word' id='word_1_332' title='bbox 153 3970 298 4015; x_wconf 78' lang='lat' dir='ltr'><strong><em>recte</em></strong></span> <span class='ocrx_word' id='word_1_333' title='bbox 333 3964 552 4029; x_wconf 82' lang='lat' dir='ltr'><strong><em>referat.</em></strong></span> <span class='ocrx_word' id='word_1_334' title='bbox 627 3962 738 4015; x_wconf 72' lang='lat' dir='ltr'><strong><em>Sed</em></strong></span> <span class='ocrx_word' id='word_1_335' title='bbox 762 3963 1043 4015; x_wconf 70' lang='lat' dir='ltr'><strong><em>Hildricm</em></strong></span> <span class='ocrx_word' id='word_1_336' title='bbox 1065 3962 1307 4029; x_wconf 81' lang='lat' dir='ltr'><strong><em>fortasse</em></strong></span> <span class='ocrx_word' id='word_1_337' title='bbox 1335 3979 1494 4030; x_wconf 82' lang='lat' dir='ltr'><strong><em>puer,</em></strong></span> <span class='ocrx_word' id='word_1_338' title='bbox 1534 3978 1651 4013; x_wconf 77' lang='lat' dir='ltr'><strong><em>cum</em></strong></span> <span class='ocrx_word' id='word_1_339' title='bbox 1675 3962 1883 4013; x_wconf 79' lang='lat' dir='ltr'><strong><em>Paulus</em></strong></span> <span class='ocrx_word' id='word_1_340' title='bbox 1911 3970 2039 4027; x_wconf 85' lang='lat' dir='ltr'><strong><em>post</em></strong></span> <span class='ocrx_word' id='word_1_341' title='bbox 2068 3962 2257 4027; x_wconf 69' lang='lat' dir='ltr'><strong><em>plures</em></strong></span> <span class='ocrx_word' id='word_1_342' title='bbox 2296 3977 2391 4011; x_wconf 80' lang='lat' dir='ltr'><strong><em>an-</em></strong></span> 
     </span>
     <span class='ocr_line' id='line_1_43' title="bbox 153 4034 2389 4104; baseline -0.001 -17"><span class='ocrx_word' id='word_1_343' title='bbox 153 4053 272 4100; x_wconf 83' lang='lat' dir='ltr'><strong><em>nos,</em></strong></span> <span class='ocrx_word' id='word_1_344' title='bbox 301 4037 455 4087; x_wconf 79' lang='lat' dir='ltr'><strong><em>‘aula</em></strong></span> <span class='ocrx_word' id='word_1_345' title='bbox 478 4037 630 4103; x_wconf 74' lang='lat' dir='ltr'><strong><em>reqia</em></strong></span> <span class='ocrx_word' id='word_1_346' title='bbox 653 4045 702 4089; x_wconf 88' lang='lat' dir='ltr'><strong><em>et</em></strong></span> <span class='ocrx_word' id='word_1_347' title='bbox 722 4037 898 4104; x_wconf 74' lang='lat' dir='ltr'><strong><em>qloria</em></strong></span> <span class='ocrx_word' id='word_1_348' title='bbox 921 4034 1136 4089; x_wconf 60' lang='lat' dir='ltr'><strong><em>saeculi*</em></strong></span> <span class='ocrx_word' id='word_1_349' title='bbox 1174 4037 1376 4099; x_wconf 84' lang='lat' dir='ltr'><strong><em>relicta,</em></strong></span> <span class='ocrx_word' id='word_1_350' title='bbox 1414 4036 1473 4085; x_wconf 79' lang='lat' dir='ltr'><strong><em>in</em></strong></span> <span class='ocrx_word' id='word_1_351' title='bbox 1499 4036 1874 4087; x_wconf 80' lang='lat' dir='ltr'><strong><em>monasterium</em></strong></span> <span class='ocrx_word' id='word_1_352' title='bbox 1910 4034 2107 4086; x_wconf 80' lang='lat' dir='ltr'><strong><em>rediret</em></strong></span> <span class='ocrx_word' id='word_1_353' title='bbox 2144 4042 2192 4086; x_wconf 86' lang='lat' dir='ltr'><strong><em>et</em></strong></span> <span class='ocrx_word' id='word_1_354' title='bbox 2216 4034 2389 4086; x_wconf 75' lang='lat' dir='ltr'><strong><em>denuo</em></strong></span> 
     </span>
     <span class='ocr_line' id='line_1_44' title="bbox 151 4108 2391 4175; baseline -0.002 -14"><span class='ocrx_word' id='word_1_355' title='bbox 151 4110 318 4163; x_wconf 82' lang='lat' dir='ltr'><strong><em>‘colla</em></strong></span> <span class='ocrx_word' id='word_1_356' title='bbox 354 4126 397 4161; x_wconf 83' lang='lat' dir='ltr'><strong><em>s.</em></strong></span> <span class='ocrx_word' id='word_1_357' title='bbox 437 4108 724 4163; x_wconf 73' lang='lat' dir='ltr'><strong><em>Benedicto</em></strong></span> <span class='ocrx_word' id='word_1_358' title='bbox 763 4108 1040 4174; x_wconf 80' lang='lat' dir='ltr'><strong><em>subderet&#39;,</em></strong></span> <span class='ocrx_word' id='word_1_359' title='bbox 1069 4108 1344 4175; x_wconf 79' lang='lat' dir='ltr'><strong><em>primitias</em></strong></span> <span class='ocrx_word' id='word_1_360' title='bbox 1381 4109 1523 4161; x_wconf 85' lang='lat' dir='ltr'><strong><em>vitae</em></strong></span> <span class='ocrx_word' id='word_1_361' title='bbox 1560 4108 1878 4160; x_wconf 82' lang='lat' dir='ltr'><strong><em>monasticae</em></strong></span> <span class='ocrx_word' id='word_1_362' title='bbox 1917 4115 2011 4159; x_wconf 83' lang='lat' dir='ltr'><strong><em>aut</em></strong></span> <span class='ocrx_word' id='word_1_363' title='bbox 2058 4108 2259 4159; x_wconf 82' lang='lat' dir='ltr'><strong><em>nescire</em></strong></span> <span class='ocrx_word' id='word_1_364' title='bbox 2296 4114 2391 4158; x_wconf 81' lang='lat' dir='ltr'><strong><em>aut</em></strong></span> 
     </span>
     <span class='ocr_line' id='line_1_45' title="bbox 152 4180 2386 4250; baseline -0.003 -15"><span class='ocrx_word' id='word_1_365' title='bbox 152 4183 394 4235; x_wconf 76' lang='lat' dir='ltr'><strong><em>consulto</em></strong></span> <span class='ocrx_word' id='word_1_366' title='bbox 432 4184 730 4248; x_wconf 77' lang='lat' dir='ltr'><strong><em>praeterire</em></strong></span> <span class='ocrx_word' id='word_1_367' title='bbox 768 4191 1002 4249; x_wconf 83' lang='lat' dir='ltr'><strong><em>poterat.</em></strong></span> <span class='ocrx_word' id='word_1_368' title='bbox 1083 4180 1160 4250; x_wconf 67' lang='grc' dir='ltr'><strong><em>ΟΥ.</em></strong></span> <span class='ocrx_word' id='word_1_369' title='bbox 1188 4190 1476 4249; x_wconf 83' lang='lat' dir='ltr'><strong><em>praeterea</em></strong></span> <span class='ocrx_word' id='word_1_370' title='bbox 1520 4184 1659 4247; x_wconf 79' lang='lat' dir='ltr'><strong><em>q&#39;uae</em></strong></span> <span class='ocrx_word' id='word_1_371' title='bbox 1700 4181 1881 4233; x_wconf 71' lang='lat' dir='ltr'><strong><em>monui</em></strong></span> <span class='ocrx_word' id='word_1_372' title='bbox 1920 4180 2057 4233; x_wconf 75' lang='lat' dir='ltr'><strong><em>G‘o&#39;tt.</em></strong></span> <span class='ocrx_word' id='word_1_373' title='bbox 2100 4180 2214 4234; x_wconf 78' lang='lat' dir='ltr'><strong><em>Gel.</em></strong></span> <span class='ocrx_word' id='word_1_374' title='bbox 2252 4180 2386 4230; x_wconf 74' lang='lat' dir='ltr'><strong><em>Am.</em></strong></span> 
     </span>
     <span class='ocr_line' id='line_1_46' title="bbox 155 4251 2388 4324; baseline -0.001 -20"><span class='ocrx_word' id='word_1_375' title='bbox 155 4256 319 4318; x_wconf 77' lang='lat'><strong>1876,</strong></span> <span class='ocrx_word' id='word_1_376' title='bbox 341 4272 405 4321; x_wconf 87' lang='lat' dir='ltr'><strong><em>p.</em></strong></span> <span class='ocrx_word' id='word_1_377' title='bbox 437 4257 576 4307; x_wconf 83' lang='lat'>1515</span> <span class='ocrx_word' id='word_1_378' title='bbox 604 4275 680 4323; x_wconf 80' lang='lat' dir='ltr'><strong><em>sq.</em></strong></span> <span class='ocrx_word' id='word_1_379' title='bbox 795 4255 854 4324; x_wconf 88' lang='grc'><strong><em>3)</em></strong></span> <span class='ocrx_word' id='word_1_380' title='bbox 892 4256 1104 4309; x_wconf 80' lang='lat' dir='ltr'><strong><em>Priores</em></strong></span> <span class='ocrx_word' id='word_1_381' title='bbox 1131 4256 1384 4308; x_wconf 76' lang='lat' dir='ltr'><strong><em>editiones</em></strong></span> <span class='ocrx_word' id='word_1_382' title='bbox 1410 4255 1565 4320; x_wconf 84' lang='lat' dir='ltr'><strong><em>affert</em></strong></span> <span class='ocrx_word' id='word_1_383' title='bbox 1588 4255 1889 4308; x_wconf 73' lang='lat' dir='ltr'><strong><em>Bethmawn</em></strong></span> <span class='ocrx_word' id='word_1_384' title='bbox 1912 4271 1968 4321; x_wconf 86' lang='lat' dir='ltr'><strong><em>p.</em></strong></span> <span class='ocrx_word' id='word_1_385' title='bbox 1999 4254 2124 4305; x_wconf 83' lang='lat'><strong><em>250.</em></strong></span> <span class='ocrx_word' id='word_1_386' title='bbox 2188 4251 2388 4315; x_wconf 76' lang='lat' dir='ltr'><strong><em>Quibus</em></strong></span> 
     </span>
     <span class='ocr_line' id='line_1_47' title="bbox 148 4329 1222 4397; baseline 0.001 -18"><span class='ocrx_word' id='word_1_387' title='bbox 148 4329 296 4381; x_wconf 82' lang='lat' dir='ltr'><strong><em>adde</em></strong></span> <span class='ocrx_word' id='word_1_388' title='bbox 334 4329 516 4397; x_wconf 76' lang='lat' dir='ltr'><strong><em>Mi9ne</em></strong></span> <span class='ocrx_word' id='word_1_389' title='bbox 544 4347 607 4395; x_wconf 82' lang='lat' dir='ltr'><strong><em>p.</em></strong></span> <span class='ocrx_word' id='word_1_390' title='bbox 635 4330 774 4390; x_wconf 79' lang='lat'>429‚·</span> <span class='ocrx_word' id='word_1_391' title='bbox 812 4329 978 4381; x_wconf 72' lang='lat' dir='ltr'><strong><em>Dalm</em></strong></span> <span class='ocrx_word' id='word_1_392' title='bbox 1003 4346 1067 4395; x_wconf 88' lang='lat' dir='ltr'><strong><em>p.</em></strong></span> <span class='ocrx_word' id='word_1_393' title='bbox 1098 4330 1222 4380; x_wconf 85' lang='lat'><strong><em>103.</em></strong></span> 
     </span>
    </p>
   </div>
  </div>
 </body>
</html>
