2984 4917
594 422 661 471 96
881 420 1101 472 PAULI
1140 420 1489 472 HISTORIA
1527 419 2201 473 LANGOBARDORUM.
2275 421 2421 472 LIB.
2459 422 2534 471 11.

628 611 741 652 uas
783 610 953 654 nunc
996 589 1341 653 Venetias²¹
1383 587 1686 670 dicimus,
1731 596 1994 670 constat,
2047 587 2160 652 sed
2201 587 2380 653 eiusl‘
2439 589 2748 654 terminus
2793 611 2834 653 a

636 672 946 737 annoniae
990 672 1225 738 finibus
1254 693 1457 758 usque
1486 671 1789 737 Adduam
1809 683 1833 716 ⁰
1877 671 2142 736 fluvium
2171 671 2521 757 protelatur
2539 673 2586 737 ἅ.
2673 673 2832 737 Pro-

580 757 769 821 batur
809 756 971 821 hoc0
1015 755 1349 822 annalibus
1393 754 1594 836 libris,
1638 757 1704 818 in
1793 755 1981 821 uibus
2023 755 2375 841 Pergamus
2419 757 2644 822 civitas
2685 780 2830 822 esse

578 839 808 925 legitur
849 841 1261 905 Venetiarum
1280 853 1322 902 ¹.
1408 839 1608 904 Nam‘
1652 849 1714 905 et
1817 862 1852 904 e
1895 837 2040 903 lacu
2081 839 2386 906 Benaco&
2435 841 2504 904 in
2543 839 2828 905 historiis

578 927 669 990 ita
710 924 981 1010 legimus
997 935 1053 987 ²:
1142 925 1454 991 ‘Benacus
1494 924 1672 989 lacus
1712 924 2147 1007 Venetiarum,
2194 923 2273 990 de
2317 945 2446 1011 quo
2497 925 2782 989 Mincius
2801 926 2829 967 h

578 1008 815 1072 fluvius
845 1007 1205 1093 egreditur'.
1292 1008 1517 1072 Enetii
1551 1009 1739 1092 enim,
1782 1005 1930 1073 licet
1957 1017 2118 1094 aput
2157 1007 2423 1074 Latinos
2455 1031 2582 1074 una
2611 1007 2826 1073 littera

579 1092 887 1173 addatur,
969 1091 1221 1157 Grecek
1300 1091 1654 1158 laudabiles
1733 1092 2032 1157 dicuntur
2044 1103 2092 1154 ³.
2219 1092 2560 1158 Venetiael
2634 1094 2828 1157 etiam

579 1176 882 1240 Histriam
914 1177 1283 1256 conectitur,
1328 1187 1391 1241 et
1419 1186 1769 1263 utraeque¹²
1813 1198 1931 1276 pro
1961 1197 2090 1240 una
2119 1177 2457 1263 provincia
2483 1175 2826 1243 habentur.

579 1261 865 1324 Histria⁴
928 1268 1143 1325 autem
1223 1261 1305 1326 ab
1368 1260 1591 1325 Histro
1651 1259 1914 1326 flumme
1979 1261 2484 1346 cognominatur.
2596 1259 2825 1340 Quae⁰

580 1343 934 1408 secundum
978 1345 1334 1408 Romanam
1390 1343 1719 1409 historiam
1739 1356 1762 1392 ³
1826 1343 2116 1430 amplior,
2183 1367 2378 1444 quam
2398 1357 2426 1398 Ρ
2477 1365 2652 1409 nunc
2707 1355 2826 1426 est,

579 1428 775 1494 fuisse
804 1428 1191 1514 perhibetur.
1297 1428 1512 1492 Huius
1529 1439 1552 1474 ⁸
1616 1429 1922 1494 Venetiae
1972 1427 2271 1514 Aquileia
2335 1429 2561 1494 civitas
2612 1429 2829 1492 extitit

581 1523 798 1598 caput;
845 1533 963 1597 pro
1010 1535 1140 1598 qua
1181 1534 1350 1576 nunc
1392 1513 1634 1577 Forum
1679 1511 1828 1576 Iulii
1846 1525 1894 1595 (Ι,
1954 1512 2044 1576 ita
2088 1511 2347 1595 dictum,
2407 1511 2580 1598 quod
2621 1511 2825 1576 Iulius

580 1597 819 1662 Caesar
860 1597 1309 1680 negotiationis
1349 1596 1560 1661 forum
1604 1597 1695 1662 ibi
1737 1604 2069 1678 statuerat,
2110 1596 2400 1662 habetur.

751 1683 847 1744 15.
933 1681 1079 1745 Non
1120 1682 1202 1747 ab
1245 1703 1313 1745 re
1356 1703 1493 1745 esse
1543 1680 1848 1760 arbitror,
1893 1681 1947 1743 si
2005 1681 2197 1745 etiam
2252 1690 2495 1745 ceteras
2561 1678 2826 1744 Italiaer

577 1765 942 1851 provincias
971 1763 1249 1829 breviter
1268 1776 1289 1807 ⁵
1321 1764 1748 1850 adtingamus·
1824 1763 2122 1830 Secunda
2151 1765 2517 1850 provinciat
2559 1764 2827 1850 Liguria

578 1861 651 1912 a⁷
695 1847 1001 1934 legendis,
1044 1848 1112 1912 id
1161 1859 1302 1913 estu
1362 1847 1752 1934 colligendiS,
1815 1846 2268 1932 leguminibuS,
2328 1870 2603 1935 quorum
2670 1849 2826 1912 satis

585 1932 767 1998 ferax
809 1944 922 2015 est,
965 1932 1348 2000 nominatur.
1433 1933 1513 1997 In
1556 1954 1684 2019 qua
1721 1930 2203 1997 Mediolanum*
2247 1941 2344 1997 est
2386 1942 2450 1996 et
2494 1932 2824 2013 Ticinusw,

576 2039 743 2165 guae
772 2015 898 2081 alio
928 2017 1181 2082 nomine
1210 2017 1413 2103 Papia
1444 2015 1821 2102 appellatur.
1887 2016 2069 2081 Haec
2099 2038 2306 2103 usque
2333 2016 2417 2081 ad
2449 2014 2823 2082 Gallorum⁸

623 2124 735 2165 nes
765 2101 1144 2166 extenditur.
1208 2102 1384 2165 Inter
1410 2100 1577 2164 hanc
1619 2111 1682 2166 et
1719 2099 2022 2165 Suaviam
2041 2113 2090 2143 ¹·
2109 2112 2154 2183 ⁹,
2202 2099 2360 2164 *hoc
2402 2110 2500 2166 est
2525 2098 2826 2164 Alaman-

574 2198 849 2250 norumY
880 2187 1169 2272 patriam,
1198 2207 1361 2271 quae
1390 2207 1614 2250 versus
1656 2185 2217 2272 septemtrionem²
2251 2195 2347 2250 est
2383 2185 2612 2271 posita,
2659 2183 2826 2248 duae

575 2270 962 2356 provinciae,
1009 2270 1075 2333 id
1120 2280 1217 2335 est
1257 2270 1443 2334 Retia
1483 2272 1694 2355 prima
1735 2279 1798 2333 et
1839 2268 2026 2333 Retia
2067 2269 2367 2352 secunda,
2411 2271 2579 2333 inter
2619 2267 2824 2354 Alpes

577 2355 1000 2437 consistunt⁸3
1060 2356 1127 2418 in
1186 2352 1420 2440 quibus
1479 2353 1738 2439 proprie
1781 2353 1964 2418 Retib
2008 2351 2295 2418 habitare
2338 2362 2714 2417 noscuntur.

580 2516 626 2568 a)
658 2518 854 2560 Venetia
884 2517 924 2556 A
959 2519 1009 2565 2;
1056 2518 1251 2559 Venicia
1284 2517 1325 2557 G
1357 2517 1401 2556 3.
1536 2514 1584 2566 b)
1617 2517 1726 2555 deest
1767 2517 1804 2556 B
1840 2518 1890 2565 13
1934 2519 1980 2555 et
2007 2517 2044 2554 F
2081 2519 2118 2558 1.
2255 2514 2299 2567 c)
2331 2515 2511 2556 Addam
2541 2517 2579 2556 F
2617 2518 2659 2557 1.
2696 2515 2739 2557 G
2770 2516 2820 2564 2;

579 2577 637 2616 ad
667 2574 879 2615 Adduam
911 2574 952 2614 A
982 2574 1045 2616 ’2.
1080 2572 1144 2615 ’3.
1178 2577 1230 2616 Β.
1264 2577 1302 2616 Ε
1326 2578 1377 2624 1;
1411 2576 1470 2615 ad
1503 2574 1685 2615 Atinam
1716 2574 1816 2617 As.
1848 2576 1892 2618 4.
1920 2575 2027 2624 F33
2058 2576 2118 2615 ad
2147 2575 2327 2616 Addam
2357 2576 2381 2616 1
2413 2576 2464 2625 33
2497 2576 2557 2615 sd
2587 2575 2693 2616 Ada
2721 2575 2822 2616 G4.

580 2633 627 2686 d)
659 2635 916 2684 protelatur
950 2654 999 2664 -
1036 2635 1233 2674 Mincius
1264 2634 1431 2674 fluvius
1462 2635 1549 2674 des.
1585 2633 1715 2678 be.
1868 2633 1913 2686 e)
1941 2635 2052 2673 deest
2099 2635 2133 2675 C
2153 2631 2216 2677 ’1.
2250 2637 2290 2676 1.
2326 2635 2368 2676 2.
2402 2636 2464 2675 D.
2495 2634 2519 2674 1
2553 2637 2594 2676 1.
2625 2656 2682 2666 —
2713 2635 2824 2674 Pro-

578 2695 710 2734 batus
741 2693 839 2733 A2.
986 2692 1027 2744 f)
1057 2693 1173 2732 Nam
1208 2713 1261 2723 —
1308 2695 1610 2735 venetiarum
1657 2694 1744 2734 des.
1778 2693 1820 2732 A
1852 2695 1894 2734 2.
1928 2690 1990 2732 ’4.
2023 2692 2063 2733 G
2094 2693 2162 2734 5c.
2314 2692 2362 2744 g)
2392 2695 2584 2736 Benacu
2615 2693 2672 2734 A.
2707 2695 2747 2733 Ε
2783 2695 2824 2732 1.

577 2753 614 2792 F
647 2754 690 2792 4.
726 2751 767 2792 G
799 2753 841 2791 2.
872 2752 917 2791 4.
953 2747 1013 2793 ’5.
1048 2752 1130 2801 5a;
1177 2753 1367 2793 Venacu
1396 2754 1433 2791 F
1471 2755 1515 2801 ις
1566 2753 1754 2792 Benecu
1785 2763 1901 2792 corr.
1933 2753 2158 2792 Bennacu
2189 2751 2231 2792 G
2262 2753 2313 2801 33
2355 2753 2544 2794 Venaco
2575 2753 2620 2792 H
2657 2754 2707 2802 13
2738 2753 2826 2792 Be-

578 2811 725 2851 nacho
759 2811 796 2850 B
832 2811 883 2858 23
914 2812 1103 2850 Bonaco
1136 2809 1177 2849 A
1209 2811 1252 2851 3.
1370 2808 1419 2861 h)
1452 2812 1632 2851 Mincus
1663 2811 1705 2850 A
1737 2812 1788 2861 33
1835 2812 2036 2851 Mentius
2066 2811 2103 2850 F
2137 2814 2177 2852 1.
2212 2810 2254 2852 G
2285 2815 2326 2854 1.
2361 2811 2406 2852 3.
2438 2813 2481 2852 4.
2603 2809 2641 2862 i)
2673 2811 2822 2852 Eneci

578 2882 689 2912 corr.
720 2871 858 2909 Eucti
887 2871 927 2910 B
961 2871 1013 2919 2;
1043 2870 1201 2910 Einoti
1231 2870 1273 2910 D
1311 2872 1356 2919 ις
1387 2871 1568 2910 Enneci
1597 2871 1633 2910 F
1655 2873 1694 2911 1.
1731 2869 1772 2910 G
1804 2871 1941 2919 1-4;
1973 2871 2136 2910 Enecii
2169 2870 2209 2911 G
2241 2867 2302 2911 ’5.
2337 2870 2410 2911 bb.
2431 2881 2471 2911 c.
2504 2869 2528 2909 1
2561 2870 2612 2920 33
2644 2871 2824 2911 Etnetii

577 2930 615 2968 F
632 2932 681 2978 33
713 2929 912 2969 Etnetici
926 2930 963 2967 F
980 2931 1035 2977 43
1067 2930 1267 2968 Enetum
1283 2929 1319 2968 F
1336 2929 1385 2977 2;
1418 2929 1558 2969 Eucti
1579 2952 1630 2960 -
1662 2930 1878 2970 dicuntur
1892 2930 1976 2968 dee.
1997 2931 2034 2968 F
2052 2927 2112 2969 ’2.
2235 2927 2285 2979 k)
2320 2928 2457 2970 Greci
2472 2929 2508 2968 F
2527 2931 2568 2970 1.
2592 2928 2632 2969 G
2653 2931 2696 2971 1.
2715 2930 2758 2970 3.
2777 2929 2820 2969 4.

578 2987 615 3039 l)
646 2985 907 3039 Venec(t)ia
939 2987 978 3027 A
1010 2985 1071 3026 ’2.
1108 2987 1142 3028 C
1175 2990 1216 3028 2.
1249 2988 1287 3027 Ε
1324 2989 1346 3027 1
1382 2987 1516 3040 (corr.
1547 2985 1808 3039 Venetiae).
1843 2987 1885 3028 G
1916 2990 1957 3028 2.
1992 2987 2068 3038 503
2099 2988 2324 3029 veneficio
2357 2989 2392 3029 C
2425 2990 2467 3030 1.
2590 2985 2656 3040 m)
2690 2989 2826 3028 histo·

576 3048 648 3086 ria
677 3047 719 3086 A
752 3047 793 3087 5.
824 3047 861 3086 F
891 3047 936 3086 4.
967 3048 1011 3086 Η
1047 3049 1085 3098 1,
1116 3059 1228 3086 corr.
1275 3048 1441 3088 histria
1470 3048 1511 3086 A
1544 3049 1585 3087 2.
1617 3048 1657 3087 Β
1692 3050 1734 3090 1.
1763 3048 1805 3086 D
1841 3049 1880 3087 1.
1917 3047 1961 3086 3.
1993 3048 2031 3087 Ε
2067 3050 2112 3096 1;
2161 3047 2281 3088 duae
2311 3049 2363 3088 in
2407 3047 2616 3098 hystoria.
2663 3057 2822 3088 conec-

576 3111 736 3146 tuntur
765 3105 807 3144 A
840 3106 880 3148 5.
914 3107 966 3156 ὃς
996 3107 1185 3164 historie
1214 3117 1329 3148 corr.
1366 3107 1527 3164 histrie
1559 3105 1600 3146 G
1631 3107 1671 3145 2.
1706 3106 1787 3156 δας
1828 3105 2068 3146 historiam
2098 3106 2135 3145 F
2169 3110 2191 3146 1
2227 3106 2359 3159 (corr.
2406 3104 2604 3157 histria).
2640 3105 2685 3147 G
2717 3109 2760 3147 1.
2794 3105 2820 3146 3

580 3165 713 3218 (corr.
742 3165 997 3216 histriam);
1047 3165 1267 3206 Histriam
1311 3165 1349 3204 F
1382 3165 1423 3206 3.
1455 3165 1497 3206 4.
1530 3163 1572 3206 5.
1623 3164 1664 3205 G
1692 3166 1744 3214 43
1790 3165 1929 3205 latria
1957 3166 1994 3204 F
2027 3163 2091 3206 ’2.
2226 3164 2276 3216 n)
2309 3169 2504 3214 utraque
2543 3165 2587 3204 A
2617 3165 2662 3205 2.
2697 3166 2736 3204 F
2769 3166 2819 3213 33

576 3228 770 3274 utroque
800 3225 837 3263 F
859 3227 901 3266 1.
934 3224 975 3265 G
994 3227 1034 3264 1.
1070 3225 1109 3264 3.
1141 3225 1184 3263 4.
1308 3222 1353 3275 ο)
1388 3224 1479 3272 Qui
1508 3225 1546 3263 F
1565 3225 1606 3264 1.
1642 3223 1683 3264 G
1703 3227 1742 3265 1.
1778 3224 1819 3264 3.
1853 3224 1895 3263 4.
1915 3221 1977 3266 ’5.
2097 3221 2146 3275 p)
2181 3235 2273 3273 qun.
2301 3225 2340 3264 F
2361 3227 2403 3264 1.
2525 3223 2575 3274 q)
2605 3224 2820 3265 Foroiuli

575 3284 612 3322 F
647 3285 687 3324 1.
738 3283 779 3324 G
811 3286 851 3325 1.
885 3284 937 3332 43
984 3284 1211 3324 Foroiulii
1254 3284 1294 3323 B
1328 3286 1369 3325 1.
1420 3283 1461 3323 G
1493 3285 1536 3323 2.
1569 3283 1618 3332 3;
1668 3283 1939 3322 Foroiulum
1989 3282 2029 3323 G
2060 3279 2122 3324 ⁸5.
2154 3283 2230 3333 5c3
2276 3283 2506 3324 Foroiulii
2556 3283 2598 3322 A
2629 3279 2696 3326 ’3.
2765 3283 2820 3321 Ec

575 3343 769 3382 similiter
800 3344 901 3382 aliie
931 3344 1035 3382 locis
1063 3348 1103 3382 et
1150 3344 1199 3383 in
1243 3343 1423 3382 diversis
1471 3342 1654 3381 casibus.
1807 3340 1846 3392 r)
1881 3342 2048 3382 Italiae
2096 3362 2148 3372 —
2195 3343 2433 3382 Lucaniae
2480 3352 2601 3390 quae
2647 3351 2820 3382 nomen

580 3400 633 3453 (c.
652 3399 727 3452 1⁷)
758 3402 830 3440 du
863 3402 980 3450 solio
1012 3403 1171 3442 evulso.
1291 3401 1331 3452 s)
1364 3402 1475 3442 dem
1505 3403 1547 3440 D
1566 3401 1608 3442 2.
1727 3398 1764 3453 t)
1798 3399 2106 3453 provinei(a)e
2140 3400 2181 3441 A
2203 3403 2243 3444 1.
2273 3401 2315 3441 D
2336 3403 2377 3441 1.
2408 3401 2446 3440 F
2466 3401 2522 3442 1?
2556 3400 2598 3441 G
2631 3403 2675 3442 1.
2713 3401 2753 3440 3.
2774 3402 2818 3440 4.

577 3480 631 3491 -
661 3460 849 3500 Licuria
882 3460 916 3500 C
950 3458 1010 3502 ’1.
1040 3461 1077 3499 F
1114 3464 1155 3502 1.
1274 3459 1323 3511 u)
1356 3461 1391 3501 1.
1424 3459 1499 3500 vel
1532 3459 1573 3499 A
1600 3459 1650 3509 33
1683 3460 1713 3503 i,
1746 3469 1785 3499 e.
1821 3470 1859 3499 c.
1893 3460 1979 3504 des.
2009 3461 2047 3499 F
2076 3456 2138 3499 ’2.
2259 3460 2306 3512 v)
2335 3461 2674 3500 Mediolanium
2707 3459 2742 3500 C
2775 3459 2814 3500 2.

579 3517 620 3557 G
651 3519 692 3569 3,
724 3519 816 3560 alii.
918 3519 979 3570 w)
1012 3519 1216 3569 Tycinus
1247 3519 1285 3561 F
1319 3521 1360 3559 1.
1395 3518 1436 3559 G
1468 3520 1521 3567 33
1553 3518 1767 3558 Ticinum
1798 3519 1840 3556 D
1877 3518 1920 3571 (1
1954 3529 1975 3558 ο
2005 3515 2153 3569 corn).
2185 3520 2222 3559 F
2255 3521 2295 3559 2.
2329 3520 2370 3560 3.
2404 3519 2448 3558 Η
2481 3521 2520 3559 1.
2611 3517 2662 3570 x)
2698 3518 2818 3559 θωυ-

574 3577 699 3616 viam
731 3576 765 3617 C
785 3578 834 3626 13
868 3576 1083 3618 Sueviam
1115 3579 1158 3617 D
1177 3578 1217 3619 2.
1251 3579 1293 3629 3,
1326 3578 1405 3617 alii
1417 3589 1429 3627 3
1460 3579 1519 3618 cf.
1551 3588 1689 3627 supra
1713 3588 1762 3626 p.
1796 3577 1852 3618 89
1883 3588 1914 3616 π
1964 3577 2011 3620 h.
2139 3576 2187 3630 y)
2215 3579 2406 3619 lamann
2435 3579 2473 3617 F
2506 3579 2546 3618 1.
2582 3600 2635 3609 —
2667 3578 2820 3628 patria

575 3633 617 3674 A
649 3631 723 3683 '43
755 3635 1081 3689 provincia(m)
1127 3636 1178 3675 F.
1224 3635 1279 3676 G.
1311 3637 1334 3676 1
1367 3637 1408 3676 2.
1528 3634 1572 3687 z)
1605 3634 2001 3688 septemt(d)rione
2030 3636 2067 3676 F
2101 3638 2141 3679 1.
2178 3637 2219 3678 G
2251 3640 2292 3680 1.
2413 3635 2460 3688 a.)
2494 3637 2728 3678 adsistunt
2757 3635 2820 3677 vel

576 3694 728 3736 assist.
762 3693 817 3735 G.
940 3694 987 3746 b)
1023 3695 1160 3736 Greci
1193 3694 1234 3735 G
1266 3695 1306 3736 3.
1340 3696 1384 3739 4.

579 3804 637 3872 1)
688 3805 765 3872 Cf.
804 3807 947 3860 Hist.
986 3807 1136 3860 Rom.
1176 3809 1211 3860 l.
1248 3807 1309 3858 X
1314 3807 1399 3860 VI
1400 3827 1415 3858 .·
1472 3811 1700 3874 Biorgor
1747 3825 1842 3860 rex
1891 3809 2180 3861 Alanorum
2204 3845 2217 3861 .
2241 3845 2255 3860 .
2275 3845 2289 3860 .
2313 3847 2327 3860 .
2380 3815 2661 3878 superatus
2710 3827 2816 3862 non

573 3879 735 3946 longe
774 3896 807 3930 a
833 3883 1098 3946 Ber-gamo
1140 3883 1357 3934 civitate
1384 3884 1680 3942 Venetiae3
1721 3899 1859 3948 quae
1879 3899 1944 3934 ex
1981 3882 2162 3934 Fastis
2200 3891 2377 3934 sumta
2414 3899 2540 3948 esse,
2579 3883 2816 3936 Holder-

574 3953 767 4022 quer,
815 3954 885 4004 N.
925 3955 1123 4006 Archiv
1162 3955 1211 4019 I,
1251 3974 1315 4020 p.
1356 3956 1480 4020 302,
1534 3954 1730 4007 docuit.
1881 3956 1936 4021 2)
1988 3955 2128 4008 Sunt
2176 3956 2337 4007 verba
2383 3956 2589 4008 Isidori
2634 3957 2814 4024 Etym.

574 4025 742 4091 XIII,
789 4029 873 4091 19,
916 4030 965 4081 7.
1114 4027 1173 4092 3)
1215 4027 1293 4094 Qf.
1332 4029 1483 4081 Jord.
1527 4029 1640 4081 Get.
1680 4047 1724 4082 c.
1765 4029 1857 4081 29:
1914 4031 2075 4080 Eneti
2110 4028 2167 4080 id
2209 4036 2290 4082 est
2325 4029 2626 4082 laudabiles
2668 4031 2818 4082 dice-

574 4101 785 4153 bantur.
934 4101 995 4168 4)
1034 4101 1172 4152 Isid.
1208 4101 1376 4166 XIII,
1430 4104 1515 4166 14,
1561 4104 1646 4154 17.
1796 4103 1856 4168 ὅ)
1907 4100 2110 4170 Cogitat
2133 4103 2375 4169 fortasse
2412 4103 2478 4155 de
2514 4104 2622 4155 loco
2661 4103 2814 4156 Hinc.

576 4173 728 4227 Rom.
752 4173 861 4226 III
893 4175 1001 4237 (ed.
1024 4174 1219 4226 Gruter
1245 4193 1308 4241 p.
1352 4176 1504 4241 794).
1656 4176 1712 4242 6)
1752 4173 2042 4242 Sequentia
2077 4193 2327 4244 magnam
2354 4184 2569 4242 partem
2606 4192 2673 4228 ex
2717 4194 2814 4228 an-

576 4247 728 4312 tiqua
753 4246 1164 4313 provinciarum
1201 4248 1548 4316 descriptione
1585 4257 1759 4300 sumta
1797 4258 1936 4314 eunt,
1985 4266 2148 4315 quam
2191 4249 2249 4301 in
2289 4249 2580 4317 appendice
2620 4266 2688 4302 ex
2728 4268 2812 4302 co-

577 4319 691 4371 dice
728 4320 1034 4374 Matritemi
1069 4319 1289 4374 edimus.
1406 4323 1461 4389 7)
1502 4339 1535 4372 a
1569 4351 1629 4360 —
1659 4324 1962 4374 nominatur
1997 4322 2204 4374 Paulus
2245 4323 2452 4390 adjecit.
2563 4320 2625 4390 8)
2664 4323 2814 4375 Lan·

577 4393 931 4458 gebardorum
950 4394 1128 4447 .Prov.
1263 4394 1322 4464 9)
1344 4396 1598 4448 Suaviam
1642 4397 1694 4449 h.
1723 4412 1771 4448 e.
1818 4405 1866 4447 et
1892 4414 1944 4464 q.
1969 4413 2022 4448 v.
2041 4413 2084 4448 s.
2107 4413 2154 4449 e.
2175 4413 2228 4464 p.
2269 4395 2433 4449 Pauli
2466 4405 2592 4449 sunt
2630 4398 2818 4450 verba.
