2984 4917
666 416 888 467 PAULI
925 416 1272 469 HISTORIA
1311 417 1986 471 LANGOBARDORUM.
2414 422 2447 471 5

191 586 428 671 posuit
473 584 569 667 (I,
595 584 750 667 26);
797 585 970 670 quod
1021 587 1136 649 vioe
1179 586 1471 666 dixisset,
1517 588 1579 650 si
1622 586 1876 652 diutius
1907 589 2211 671 patriam
2252 587 2448 653 Foro-

193 669 553 756 julieusem
596 678 656 732 et
696 668 1065 733 saeculares
1112 691 1262 753 opes
1304 669 1688 753 reliquisset.

385 752 569 827 Quae
613 754 675 816 si
715 746 934 817 ‘minus
965 751 1256 837 placent,
1304 754 1394 817 ad
1421 753 1663 817 Karoli
1692 754 1935 840 Maqni
1962 763 2081 819 tem
2132 777 2253 819 ora
2290 755 2449 821 haec

206 835 574 920 referamus
619 845 864 920 oportet
879 848 922 917 ¹,
1010 837 1106 916 ui,
1148 837 1742 923 Lanyobardorum
1784 860 1988 923 ‘reyno
2080 848 2355 903 estructo
2391 849 2449 903 et

259 921 412 985 aulo
526 930 621 986 ost
659 920 950 1006 Rodyau
1002 943 1037 984 ο
1091 921 1531 1005 Forojulieusi
1585 923 1749 987 duce
1802 923 2088 986 devicto²
2134 929 2235 1005 (a.
2267 924 2447 1004 776),

265 1004 412 1069 auli
433 943 728 1089 fiatrem
755 1004 1054 1069 Arichim
1085 1006 1416 1089 captivum
1459 1007 1533 1070 in
1562 1006 1922 1070 Franciam
1952 1006 2147 1071 duxit
2182 1010 2448 1093 ejusque

205 1111 312 1153 res
341 1089 507 1171 fisco
554 1088 886 1169 attribuit;
932 1088 1008 1151 id
1051 1089 1224 1174 quod
1265 1099 1462 1154 totam
1487 1089 1838 1171 familiam
1890 1091 2233 1176 ipsumque
2274 1091 2448 1154 Pau-

206 1174 346 1237 lum
387 1174 682 1258 qraviter
712 1171 979 1257 afflioeit.
1068 1170 1202 1236 Seoe
1245 1173 1514 1239 evolutis
1545 1176 1755 1238 anuis
1792 1174 1897 1237 hic
1939 1176 2117 1260 reqis
2158 1176 2448 1261 qratiam

199 1260 500 1329 ,carmine
529 1255 928 1339 imploravit.
1021 1253 1213 1329 Quod
1254 1259 1616 1344 qeuuiuum
1644 1260 1817 1322 vitae
1846 1259 1989 1343 ejus
2016 1260 2451 1323 testimonium

208 1342 312 1406 hie
356 1341 779 1405 inserendum
822 1341 1136 1405 dussimus
1153 1350 1198 1403 ³.

470 1479 671 1543 Item
715 1500 994 1543 versus
1038 1478 1277 1542 Pauli
1317 1478 1415 1541 ad
1458 1502 1722 1565 regem
1765 1479 2194 1565 precando·

291 1597 510 1664 Verba
551 1600 648 1662 tui
689 1598 932 1681 famuli,
976 1621 1094 1663 rex
1136 1620 1404 1680 summe,
1449 1598 1724 1663 adtende
1768 1620 2045 1680 serenUS,

456 1683 730 1767 Respice
773 1691 837 1747 et
880 1682 965 1746 ad
1006 1682 1225 1747 fletum
1270 1704 1415 1746 cum
1458 1683 1694 1767 pietate
1738 1705 1973 1747 meum.

293 1784 452 1851 Sum
491 1786 708 1867 miser,
753 1793 825 1848 ut
865 1807 1134 1869 mereor,
1181 1795 1491 1872 quantum
1535 1786 1653 1849 vix
1692 1783 1857 1850 uHus
1901 1785 1969 1849 in
2014 1785 2167 1851 orbe
2211 1794 2339 1867 est3

462 1869 732 1954 Semper
772 1869 940 1933 inest
978 1870 1192 1934 luctus
1234 1870 1432 1935 tristis
1476 1879 1541 1934 et
1583 1870 1742 1935 hora
1782 1868 1958 1933 mihi.

294 1970 622 2057 Septimus
666 1993 871 2035 annus
915 1970 1116 2053 adest,
1162 1993 1246 2034 ex
1290 1993 1414 2058 quo
1458 1994 1628 2036 nova
1672 1993 1868 2037 causa
1911 1970 2160 2036 dolores

454 2054 843 2141 Multiplices
884 2064 1147 2140 generat
1190 2065 1255 2119 et
1295 2076 1441 2119 mea
1483 2055 1678 2120 eorda
1723 2056 1944 2141 quatit.

291 2156 604 2243 Captivus
646 2158 920 2222 vestrisa
963 2166 1202 2221 extunc
1246 2179 1588 2241 germanus
1630 2158 1699 2220 in
1739 2157 1911 2221 horis

458 2241 577 2305 Est
618 2263 824 2323 meuS,
866 2238 1105 2305 afflicto
1150 2251 1428 2325 pectore,
1471 2239 1707 2323 nudus,
1753 2240 1968 2325 egens·

288 2341 468 2407 Illius
512 2343 579 2406 in
667 2344 830 2407 atria
875 2344 1115 2407 coniux
1156 2342 1521 2408 miseranda
1561 2364 1679 2427 per
1722 2364 1941 2407 omnes

456 2428 608 2491 Men
658 2428 782 2492 ’cat
824 2426 1069 2512 plateas
1113 2448 1220 2491 ore
1263 2436 1573 2492 tremente
1619 2426 1817 2491 cibos.

292 2529 613 2609 Quattuor
652 2528 774 2593 hac
816 2528 1034 2614 turpib
1077 2538 1261 2593 natos
1306 2536 1619 2593 sustentat
1659 2526 1742 2592 ab
1786 2537 1940 2611 arte,

461 2612 640 2692 Quos
683 2613 797 2677 vix
839 2612 1174 2698 pannuciis
1217 2611 1585 2698 praevalet⁰
1627 2610 1736 2675 illa
1776 2613 1929 2697 tegi.

291 2714 412 2779 Est
453 2714 630 2797 mihi,
676 2736 838 2801 quae
879 2715 1104 2801 primis
1151 2712 1405 2779 Christo
1451 2724 1701 2779 sacrata
1745 2712 1865 2779 sub
1910 2714 2095 2777 annis

458 2797 762 2863 Excubat
803 2799 1064 2883 egregia
1108 2797 1516 2883 simplicitate
1559 2820 1757 2863 soror.

291 2899 475 2965 Haec
521 2898 638 2964 sub
683 2908 852 2964 sorte
894 2900 1035 2985 pari
1076 2898 1320 2964 luctum
1365 2902 1501 2965 sine
1545 2900 1671 2964 fine
1712 2906 2051 2979 retentans,

456 2985 720 3049 Privata
762 2993 859 3048 est
902 2982 1104 3048 oculis
1144 2985 1275 3048 iam
1317 3007 1519 3071 prope
1562 2983 1774 3048 flendo
1819 2983 1970 3047 suis·

290 3084 758 3167 Quantulacum
804 3108 885 3150 ue
926 3084 1066 3165 fuit,
1110 3086 1360 3172 direpta
1402 3096 1502 3151 est
1540 3095 1759 3151 nostra
1802 3081 2107 3170 supellex,

456 3169 594 3235 Nec
638 3180 752 3252 est,
841 3170 954 3234 eu!
999 3171 1248 3233 miseris
1295 3170 1405 3255 qui
1446 3170 1611 3234 ferat
1653 3167 1820 3232 ullus
1865 3189 2072 3252 opem.

288 3270 590 3337 Coniunx
633 3280 729 3336 est
766 3270 976 3334 fratris
1020 3269 1215 3334 rebus
1260 3269 1525 3335 exclusa
1564 3270 1864 3357 paterniS,

454 3356 718 3442 Iamque
762 3376 984 3419 sumus
1027 3356 1226 3418 servis
1268 3355 1621 3420 rusticitate
1664 3375 1884 3439 pares3

288 3458 603 3523 Nobilitas
645 3457 835 3556 periit
874 3457 1141 3538 miseriS,
1186 3457 1503 3521 accessitd
1547 3466 1857 3554 aegestas.

457 3541 840 3623 Debu1mus,
883 3540 1106 3623 fateor,
1148 3541 1472 3626 asperiora
1514 3548 1677 3625 pat13

295 3643 426 3710 Sed
470 3644 789 3724 miserere,
831 3653 1060 3729 potens
1103 3652 1330 3723 rector,
1374 3642 1695 3721 miserere,
1741 3660 2094 3725 precamur,

459 3727 548 3791 Et
585 3725 847 3792 tandem
888 3726 1083 3791 finem
1126 3726 1244 3807 his,
1289 3726 1412 3811 pie,
1455 3745 1624 3811 pone
1666 3723 1879 3787 malis!

206 3926 254 3979 a)
291 3927 434 3967 extris
481 3925 570 3967 Vae.
692 3924 741 3975 b)
771 3925 892 3974 vix-pi
922 3924 1044 3971 Par„
1078 3924 1193 3973 quod
1222 3924 1462 3963 Bethmann
1487 3921 1824 3972 praeferendum
1855 3922 1989 3963 auxit.
2110 3918 2152 3971 c)
2186 3916 2289 3969 quis
2320 3921 2451 3963 valet

201 3988 231 4028 1.
267 3986 385 4034 tegit
423 3983 518 4026 Vat.
698 3982 744 4035 d)
777 3985 1000 4024 successit
1037 3983 1132 4022 Vae.

210 4154 270 4220 1)
311 4151 403 4203 Ita
427 4151 596 4203 Dalm
624 4168 689 4217 p.
716 4152 802 4214 23,
843 4149 938 4216 qui
975 4149 1096 4201 huie
1123 4150 1448 4217 conjecturae
1473 4146 1697 4198 nimium
1724 4145 1922 4198 tribuit.
2074 4145 2131 4213 2)
2170 4147 2261 4199 Ita
2285 4148 2447 4200 Beth-

203 4242 374 4278 mawn
401 4243 465 4292 p.
494 4225 619 4274 240.
645 4232 781 4277 recte
807 4222 1054 4275 statuisse
1077 4222 1207 4273 mihi
1231 4221 1461 4273 videtur.
1575 4219 1632 4287 3)
1670 4218 1977 4271 Ediderunt
2013 4218 2294 4287 Lebeufp.
2319 4222 2444 4272 414.

205 4316 276 4353 ex
317 4299 431 4351 cod.
459 4296 668 4358 Paris.‚·
705 4296 839 4360 Mai,
883 4294 1047 4347 ἄασε.
1089 4304 1226 4347 auct.
1262 4294 1318 4359 V,
1349 4296 1437 4358 50,
1479 4311 1543 4347 ex
1582 4293 1695 4346 cod.
1734 4292 1884 4355 Vat.;
1922 4294 2109 4360 quibus
2143 4294 2447 4346 Bethmawn

201 4374 266 4426 in
306 4380 452 4424 textu
488 4371 804 4423 recensendo
844 4386 972 4421 usus
1012 4376 1103 4422 est.
