2984 4917
558 394 664 444 206
875 390 1096 443 PAULI
1135 390 1485 442 HISTORIA
1524 390 2195 442 LANGOBARDORUM.
2273 389 2413 442 LIB.
2456 390 2523 441 V.

559 561 638 625 de
697 559 966 624 tentorio
1025 568 1306 622 armatus
1369 579 1682 641 egressus,
1742 580 1858 621 rex
1919 557 2314 643 Cunincpert
2371 556 2454 621 ab
2508 557 2807 622 omnibus

560 666 698 709 esse
755 651 1091 728 putaretur
1107 652 1150 706 ¹¹.
1241 641 1675 705 Commissum
1733 642 1823 705 ita
1869 662 1949 705 ue
1994 651 2092 705 est
2147 640 2462 726 proelium
2507 651 2574 706 et
2613 644 2809 707 totisb

557 729 803 793 viribus
863 726 1273 791 decertatum.
1378 723 1671 809 Cumque
1734 724 1858 788 Ala
1903 726 1957 788 is
2017 726 2111 791 ibi
2167 726 2378 809 magis
2433 726 2811 809 intenderet,

560 810 674 876 ubi
715 833 934 897 regem
966 832 1105 873 esse
1125 821 1148 851 ⁰
1189 808 2017 895 putaret,xCunincpertum
2048 832 2116 873 se
2160 810 2513 874 extinxisse
2558 820 2813 898 putanS,

565 895 931 961 Senonem‘l
975 894 1312 957 diaconem
1361 892 1746 957 interfecite.
1834 892 2129 978 Cumque
2176 903 2369 979 caput
2410 896 2547 958 eius
2594 917 2818 979 ampu-

560 980 683 1044 tari
725 978 1174 1064 praecepisset,
1218 986 1306 1059 ut,
1349 976 1563 1040 levato
1594 998 1669 1041 eo
1699 977 1805 1039 inf
1849 987 2057 1058 cont0,
2104 977 2268 1042 ‘Deo
2304 979 2561 1077 gratias'
2607 978 2818 1043 adcla-

563 1071 889 1144 marentg,
953 1059 1204 1125 sublata
1269 1060 1552 1142 casside,
1621 1059 1923 1125 clericum
1987 1084 2055 1125 se
2122 1061 2434 1126 occid1sse
2495 1064 2813 1149 cognovit.

564 1148 748 1211 Tunc
795 1144 1176 1209 furibundus
1209 1142 1609 1208 exclamans:
1656 1144 1825 1209 ‘Heu
1854 1167 1956 1211 me
1975 1146 2008 1207 !’
2053 1147 2277 1231 inquit,
2326 1145 2502 1209 ‘nihil
2546 1148 2814 1245 egimUS,

609 1230 820 1295 uando
851 1228 936 1293 ad
976 1228 1100 1292 hoc
1143 1227 1457 1314 proelium
1500 1229 1839 1313 gessimus,
1881 1239 1953 1293 ut
1996 1228 2302 1293 clericum
2346 1230 2818 1295 oecidenmush.

565 1253 724 1378 ffale
781 1315 997 1399 itaque
1040 1334 1212 1377 nunc
1267 1311 1433 1376 facio
1485 1322 1727 1395 votum,
1785 1322 1873 1396 ut,
1932 1314 1986 1377 si
2046 1312 2204 1376 mihi
2244 1314 2425 1378 Deus
2480 1315 2819 1380 victoriam

565 1400 797 1463 iterum
827 1396 1092 1479 dederit,
1138 1395 1311 1482 quod
1353 1418 1555 1459 unum
1596 1407 1861 1481 puteum
1892 1396 1971 1461 de
2013 1397 2321 1462 testiculis
2363 1398 2675 1485 impleam
2705 1398 2819 1463 cle-

565 1480 890 1546 ricorum'.

736 1566 839 1629 41.
925 1564 1134 1649 Igitur
1165 1564 1561 1649 Cunincpert
1602 1564 1991 1650 perdidissei
2037 1587 2187 1629 suos
2230 1566 2653 1651 conspicienS,
2698 1576 2821 1631 sta-

508 1636 532 1735 <
569 1651 687 1714 tim
733 1671 800 1713 se
847 1649 984 1712 eisk
1033 1647 1307 1712 ostendit
1353 1649 1768 1733 omniumque
1813 1648 2023 1725 corda,
2088 1647 2370 1713 sublato¹
2413 1672 2676 1735 pavore,
2736 1650 2819 1714 ad

572 1732 1001 1819 sperandamm
1033 1731 1368 1795 victoriam
1392 1733 1790 1797 confortavit.
1855 1733 2307 1798 Instruunturn
2329 1734 2561 1798 iterum
2592 1736 2821 1817 *acieS,

335 1826 416 1882 '1³·
449 1830 550 1871 161-
573 1828 676 1883 et⁰
733 1815 882 1879 hinc
928 1816 1342 1902 Cunincpert,
1402 1818 1552 1881 inde
1596 1814 1821 1880 Alahis
1878 1816 2008 1880 adP
2052 1816 2205 1881 belli
2249 1820 2603 1882 certamina
2643 1842 2821 1905 prae-

569 1910 894 1987 parantur.
987 1898 1327 1985 Cumqueq
1358 1901 1488 1963 iam
1532 1922 1735 1986 prope
1780 1910 2048 1983 essentr,
2092 1912 2162 1966 ut
2192 1924 2259 1965 se
2303 1911 2613 1987 utraeque
2656 1904 2822 1966 acies

571 1985 654 2049 ad
708 1983 1128 2071 pugnandum
1188 1986 1663 2068 coniungerent,
1728 1982 2120 2069 Cunincpert
2162 1985 2247 2049 ad
2264 1997 2286 2029 ⁸
2331 1985 2555 2050 Alahis
2600 1988 2821 2051 iterato

569 2070 639 2132 in
667 2067 828 2132 haec
855 2068 1057 2133 verba
1103 2068 1463 2133 mandavit:
1512 2069 1725 2150 ‘Ecce,
1771 2073 2081 2154 quantust
2121 2068 2399 2155 populus
2429 2094 2515 2134 ex
2556 2080 2822 2155 utraque

619 2162 755 2217 arte
801 2152 1121 2216 consistit!
1203 2152 1376 2232 Quid
1432 2175 1593 2237 opus
1638 2161 1766 2233 est,
1826 2162 1897 2217 ut
1953 2162 2131 2218 tanta
2172 2152 2513 2218 multitudo
2557 2155 2824 2241 pereat?

571 2176 1061 2321 Coniungamus
1119 2258 1236 2300 nos
1297 2258 1417 2321 ego
1477 2245 1542 2300 et
1595 2233 1699 2299 ille
1755 2235 2061 2322 singulari
2079 2249 2107 2280 ¹¹
2153 2238 2532 2320 certamine,
2608 2248 2671 2303 et
2726 2239 2822 2301 cui

575 2319 846 2385 voluerit
887 2320 1208 2384 Dominus
1240 2320 1319 2384 de
1363 2320 1549 2384 nobis
1595 2320 1866 2383 donarev
1910 2321 2269 2404 victoriam,
2315 2336 2617 2386 omnemw
2659 2321 2823 2385 hunc

576 2404 890 2490 populum
943 2404 1237 2467 salvum1
1294 2414 1358 2468 et
1416 2402 1802 2468 incolomem
1842 2406 2031 2491 ipse?
2081 2405 2439 2491 possideat'.
2531 2406 2823 2505 Cumque

576 2486 800 2551 Alahis
861 2488 959 2550 sui
979 2498 1002 2529 ²
1061 2487 1499 2569 hortarentur,
1562 2496 1673 2551 ut¹³¹
1733 2487 1973 2552 faceret
2046 2489 2221 2575 quod
2281 2489 2681 2575 Cunincpert
2734 2489 2821 2553 illi

577 2571 935 2653 mandavit,
995 2572 1134 2656 ipse
1191 2572 1547 2656 respondit:
1637 2571 1802 2635 ‘Hoc
1875 2572 2087 2638 facere
2154 2596 2273 2659 ego
2347 2595 2479 2637 non
2592 2596 2821 2656 ossum,

579 2656 730 2740 quia
782 2654 947 2718 inter
1001 2657 1266 2719 contosb
1326 2678 1476 2719 suos
1538 2656 1745 2720 sancti
1795 2656 2202 2741 archangelic
2242 2656 2541 2721 Michahe
2567 2660 2657 2741 is,
2717 2660 2823 2724 ubi

578 2761 613 2801 e
664 2759 699 2800 o
757 2736 894 2800 illid
958 2738 1196 2814 iuravi,
1255 2739 1646 2823 imagineme
1716 2740 2059 2827 conspicio'
2082 2754 2126 2810 ¹.
2237 2742 2420 2805 Tunc
2478 2742 2689 2807 unusf
2747 2765 2824 2806 ex

576 2821 621 2885 il
645 2822 732 2884 is:
820 2822 1002 2885 ‘Prae
1046 2826 1322 2908 pavore',
1365 2824 1593 2909 inquit,
1641 2825 1865 2889 ‘cernis
1898 2824 2071 2910 quod
2113 2846 2244 2889 non
2272 2835 2400 2908 est3
2447 2835 2511 2890 et
2552 2827 2674 2892 tibi
2700 2827 2824 2891 iam

576 2904 757 2971 tarde
823 2914 920 2969 est
984 2905 1174 2969 modo
1238 2907 1362 2971 ista
1423 2906 1758 2972 meditari'.
1876 2908 2313 2975 Conseruntur
2375 2912 2593 2996 itaque
2660 2912 2827 2975 acies

577 3104 623 3157 a)
657 3110 896 3155 putaretur
931 3127 981 3135 -
1015 3116 1171 3155 regem
1205 3108 1308 3147 e'sse
1337 3107 1424 3145 des.
1457 3106 1492 3147 G
1528 3110 1569 3147 1.
1706 3105 1753 3159 b)
1787 3110 1926 3149 totius
1957 3110 1995 3148 F
2028 3110 2067 3149 1.
2116 3108 2156 3149 G
2188 3110 2231 3149 1.
2267 3110 2307 3149 2.
2444 3108 2486 3162 o)
2520 3110 2677 3151 desinit
2709 3111 2751 3152 A
2781 3110 2827 3161 53

577 3167 627 3205 in
658 3164 700 3204 A
732 3166 790 3206 5a
829 3165 1000 3214 reliqua
1030 3166 1264 3205 recentiore
1294 3176 1430 3205 manu
1461 3167 1613 3207 addita
1642 3172 1763 3207 sum.
1918 3166 1965 3219 d)
1998 3168 2185 3208 Senone
2232 3166 2273 3207 A
2305 3169 2347 3219 1,
2378 3169 2455 3208 ubi
2484 3170 2527 3209 d.
2562 3170 2593 3209 i.
2630 3170 2681 3211 O.
2718 3180 2756 3213 e.
2788 3181 2825 3211 e.

577 3234 668 3264 am.
699 3225 784 3265 des.
909 3222 952 3276 e)
982 3224 1202 3264 interficit
1229 3224 1272 3264 A
1305 3226 1345 3267 2.
1381 3224 1420 3265 G
1443 3226 1517 3265 Sa.
1548 3226 1594 3270 4,
1714 3224 1751 3278 f)
1783 3227 2108 3268 incunctanter
2140 3227 2175 3268 O
2205 3223 2267 3267 *1.
2304 3228 2344 3266 1.
2466 3226 2514 3280 g)
2546 3229 2829 3271 adclamaret

578 3284 619 3322 A
651 3284 693 3324 3.
726 3284 764 3323 F
801 3285 840 3323 1.
874 3279 939 3323 *2.
973 3284 1016 3324 4.
1053 3283 1119 3334 G3
1167 3287 1328 3332 ageret
1356 3284 1399 3323 H
1431 3284 1501 3326 5a.
1534 3286 1557 3325 1
1592 3286 1632 3325 2.
1783 3283 1831 3336 h)
1866 3286 1929 3325 ita
1958 3286 2001 3325 A
2035 3287 2077 3327 2.
2108 3288 2147 3326 Β
2183 3287 2225 3327 1.
2254 3286 2291 3325 F
2328 3287 2367 3325 1.
2400 3286 2441 3327 G
2475 3288 2515 3328 1.
2552 3289 2606 3337 83
2654 3290 2827 3329 occide-

577 3352 730 3383 remus
761 3344 900 3383 ceteri.
1053 3340 1087 3392 i)
1121 3352 1206 3391 per
1236 3343 1416 3383 diverse
1448 3343 1490 3383 A
1525 3346 1574 3392 23
1620 3354 1669 3383 se
1700 3356 1743 3394 p.
1778 3343 1819 3384 G
1849 3345 1878 3383 4
1908 3356 1929 3384 e
1959 3356 2074 3387 corr.
2104 3341 2168 3385 *5.
2202 3346 2282 3394 5a3
2328 3356 2375 3395 p.
2408 3347 2659 3387 victoriam
2692 3347 2735 3389 G
2765 3348 2827 3389 Sa.

582 3422 633 3432 -
667 3412 751 3440 suo
785 3400 826 3441 G
859 3404 899 3443 1.
1048 3399 1098 3453 k)
1133 3403 1177 3441 ei
1208 3402 1245 3441 F
1281 3402 1319 3441 1.
1471 3401 1508 3454 1)
1542 3403 1773 3442 sublatum
1819 3404 1855 3443 F
1890 3406 1929 3444 1.
2079 3403 2145 3457 m)
2178 3405 2451 3453 patrandam
2499 3405 2535 3446 O
2569 3407 2614 3449 1.
2649 3408 2690 3449 2.
2725 3407 2749 3446 Ι
2780 3410 2829 3456 13

577 3460 890 3509 peragendam
924 3459 965 3500 G
997 3461 1040 3500 2.
1161 3458 1211 3512 n)
1245 3461 1488 3501 Instruunt
1518 3462 1571 3503 F.
1606 3460 1661 3503 G.
1800 3460 1845 3514 o)
1879 3466 1930 3503 ut
1959 3462 2001 3501 A
2036 3466 2087 3514 13
2118 3464 2229 3502 deest
2259 3464 2297 3502 E
2332 3465 2373 3503 1.
2510 3462 2561 3516 p)
2594 3466 2657 3505 ad
2689 3488 2741 3496 —
2777 3466 2828 3505 ad

577 3517 742 3557 Alahis
773 3519 856 3557 dee.
889 3518 924 3559 C
959 3521 998 3557 1.
1123 3517 1172 3570 q)
1206 3530 1294 3569 que
1325 3522 1436 3559 deest
1466 3520 1505 3559 B
1526 3522 1569 3560 1.
1604 3520 1703 3560 Gl.
1738 3522 1781 3562 2.
1822 3543 1865 3552 —
1902 3524 1995 3562 iam
2028 3522 2139 3562 deest
2171 3521 2222 3563 C.
2253 3522 2312 3563 D.
2435 3519 2475 3572 r)
2504 3528 2630 3565 esset
2662 3524 2747 3566 Gl
2783 3524 2831 3573 5;

579 3578 736 3616 essent
765 3587 878 3617 corr.
914 3582 1034 3617 esset
1063 3577 1100 3617 F
1134 3580 1174 3619 1.
1212 3578 1248 3618 G
1285 3580 1325 3619 2.
1451 3577 1490 3631 s)
1524 3581 1635 3619 deest
1669 3580 1800 3620 Gssa.
1834 3582 1877 3620 4.
1910 3581 1993 3621 11.
2116 3579 2153 3632 t)
2186 3584 2406 3630 quantum
2438 3582 2475 3621 F
2496 3583 2537 3623 1.
2661 3581 2712 3635 u)
2745 3584 2827 3624 sin-

580 3634 678 3682 guli
709 3645 823 3675 corr.
857 3636 1084 3685 singulari
1117 3636 1158 3675 A
1193 3639 1230 3679 1.
1381 3635 1430 3688 v)
1463 3639 1573 3679 dare
1603 3639 1646 3679 A
1678 3638 1735 3678 2?
1766 3640 1805 3678 B
1838 3643 1908 3679 la.
1945 3639 1996 3680 C.
2033 3640 2091 3679 D.
2124 3641 2162 3679 F
2194 3640 2235 3681 5.
2271 3640 2295 3679 Ι
2327 3642 2367 3680 1.
2401 3641 2445 3681 2.
2598 3642 2662 3693 w)
2696 3652 2825 3683 omne

578 3693 615 3731 F
650 3691 710 3731 1?
744 3692 784 3733 G
817 3696 858 3736 1.
891 3694 955 3733 2?
1074 3695 1123 3747 x)
1155 3707 1190 3735 s.
1225 3699 1270 3735 et
1301 3698 1386 3741 des,
1421 3696 1460 3737 G
1493 3698 1567 3737 32..
1702 3696 1750 3748 y)
1784 3699 1895 3737 deest
1925 3698 1967 3738 A
1999 3699 2041 3738 3.
2179 3696 2223 3750 z)
2256 3699 2353 3739 suis
2384 3698 2427 3740 A
2459 3701 2500 3740 2.
2640 3698 2686 3753 a)
2716 3706 2767 3742 ut
2796 3702 2826 3741 f.

581 3752 666 3791 des.
703 3750 738 3791 0
772 3754 812 3791 1.
849 3774 901 3782 —
935 3754 969 3793 f.
1005 3758 1050 3794 et
1080 3756 1204 3803 quod
1239 3754 1279 3795 G
1313 3758 1354 3795 1.
1393 3758 1432 3797 2.
1552 3753 1601 3807 b)
1636 3760 1825 3797 cunctos
1857 3758 1899 3796 D
1935 3759 1973 3796 1.
2009 3757 2049 3798 G
2083 3759 2125 3797 2.
2159 3758 2231 3799 Sa.
2266 3754 2327 3797 ⁸5.
2450 3757 2491 3811 c)
2527 3761 2691 3808 angeli
2721 3760 2829 3809 ΑΒ

581 3820 769 3858 arcang.
803 3810 845 3851 G
877 3812 917 3849 1.
1009 3811 1056 3864 d)
1089 3813 1198 3853 deest
1228 3813 1270 3852 A
1303 3815 1354 3865 ὃς
1385 3816 1468 3856 ille
1504 3812 1545 3855 G
1578 3818 1620 3855 1.
1656 3818 1697 3857 2.
1791 3814 1835 3866 e)
1868 3816 2074 3865 imagine
2103 3817 2140 3855 F
2175 3818 2218 3856 1.
2254 3816 2295 3857 G
2327 3818 2353 3857 2
2470 3816 2508 3869 f)
2541 3830 2688 3859 unum
2718 3820 2756 3859 F
2789 3820 2826 3861 1.

586 3977 648 4045 1)
687 3978 974 4031 Notandus
1016 3980 1098 4031 hic
1135 3996 1244 4033 mos
1294 3988 1525 4035 veterum
1563 3984 2045 4051 Lanyobardorum
2086 3993 2349 4051 patronos
2396 3988 2567 4055 yemis
2604 4004 2737 4040 suae
2772 3988 2823 4039 in

583 4051 747 4104 contis
772 4052 1002 4121 pinyere
1041 4052 1328 4105 solitorum.
1384 4056 1674 4123 Praecipue:
1708 4055 1921 4109 illorum
1960 4058 2131 4109 cultus
2158 4059 2216 4110 i‘n
2243 4076 2286 4111 s.
2324 4060 2641 4113 Michaelem
2680 4061 2821 4113 arch-

586 4128 848 4193 anqelnm,
891 4136 1114 4193 praeter
1164 4129 1357 4193 templa
1404 4130 1462 4179 in
1514 4132 1625 4196 ejus
1677 4131 1926 4183 honorem
1979 4131 2211 4183 excitata
2262 4141 2311 4184 et
2367 4134 2621 4186 historica
2662 4136 2823 4201 plura

583 4210 934 4263 monumenta,
977 4208 1128 4253 testes
1167 4201 1344 4251 adhuc
1394 4212 1521 4253 sunt
1578 4206 1783 4255 nummi
1822 4204 1889 4253 ab
1942 4220 2006 4255 ea
2042 4214 2195 4273 yeme
2242 4206 2442 4273 signati
2490 4225 2650 4259 sacra
2685 4208 2821 4261 illim

583 4270 814 4339 imayine
851 4274 1063 4326 hastam
1101 4282 1150 4325 et
1187 4281 1394 4325 contum
1431 4276 1735 4341 deferentis.
1812 4279 1907 4329 BI.
