2984 4917
648 414 755 463 212
951 412 1171 463 PAULI
1209 410 1554 462 HISTORIA
1593 409 2257 463 LANGOBARDORUM.
2335 410 2477 462 LIB.
2516 410 2614 461 VI.

648 582 972 645 venientes
1015 578 1095 643 de
1139 576 1649 643 Celmanicorum
1665 588 1708 619 ⁸·
1726 578 1741 609 ¹
1798 576 1898 641 vel
1940 576 2534 641 Aurelianensiumb
2577 577 2873 661 regione⁰

647 664 900 746 Franci,
944 663 1097 727 dum
1139 671 1299 749 aput
1337 660 1699 726 venerabile
1745 682 1973 747 eorpus
2016 682 2083 724 se
2126 671 2543 746 pernoctare²
2588 659 2868 724 simulas-

651 758 821 830 sent,
880 746 1166 812 eiusdem
1231 743 1612 809 venerabilis
1663 746 1863 831 patris
1925 746 2287 831 pariterque
2346 745 2480 809 eius
2534 766 2871 829 germanae

649 830 1089 897 venerandaed
1135 827 1520 893 scolasticae
1571 849 1715 891 ossa
1764 828 2136 910 auferentes,
2203 830 2308 891 in0
2366 851 2549 892 suam
2603 830 2871 914 patriam

649 916 1136 1002 adportarunt³;
1187 912 1299 977 ubi
1349 910 1753 995 singillatimf
1810 911 1936 975 duo
1980 913 2363 977 monasteria
2416 912 2523 973 ing
2572 921 2874 976 utrorum-

653 1001 815 1085 que¹¹
842 997 1189 1078 honoremi,
1228 996 1349 1059 hoc
1388 1005 1483 1058 est
1512 994 1682 1059 beati
1709 994 2043 1059 Benedicti
2081 1006 2143 1060 et
2184 1004 2441 1060 sanctae
2472 994 2871 1075 scolasticae,

654 1091 1016 1147 constructa
1057 1089 1220 1143 sunt.
1310 1078 1438 1143 Sed
1483 1087 1729 1142 certum
1774 1088 1885 1159 est,
1929 1080 2114 1144 nobis
2133 1081 2161 1121 ¹¹
2208 1102 2277 1143 os
2319 1078 2477 1143 illud
2519 1078 2873 1143 venerabile

654 1176 718 1231 et
773 1166 946 1230 omni
999 1174 1251 1229 nectare
1307 1164 1565 1226 suavius
1618 1173 1682 1227 et
1736 1160 1954 1227 oculos
2013 1186 2147 1227 sem
2197 1185 2265 1227 er
2320 1161 2617 1227 caelestia
2662 1171 2873 1226 contu·

653 1259 846 1330 enteS,
893 1258 1103 1313 cetera
1152 1268 1405 1333 quoque
1455 1245 1743 1310 membra
1802 1248 2095 1332 quamvis
2184 1246 2427 1310 efluxa¹
2481 1248 2872 1310 remansisse.

655 1332 874 1399 Solum
918 1332 1152 1397 etenim
1195 1328 1598 1415 singulariter
1640 1330 2030 1394 dominicum
2074 1352 2304 1415 corpus
2356 1352 2487 1394 non
2527 1330 2695 1395 vidit
2752 1352 2873 1393 cor-

653 1419 1044 1503 ruptionem3
1089 1424 1368 1479 ceterum
1411 1415 1695 1477 omniu-m
1738 1423 2097 1479 sanctorum
2143 1436 2414 1500 corpora
2456 1414 2523 1477 in
2557 1424 2873 1479 aeternam

653 1512 876 1588 postea
915 1500 1230 1585 gloriamm
1271 1497 1630 1583 reparanda
1673 1498 2059 1583 corruptioni
2102 1499 2386 1563 subiecta
2428 1508 2593 1580 sunt,
2638 1497 2742 1563 his
2787 1520 2878 1561 ex-

657 1587 874 1671 ceptis,
920 1606 1082 1669 quae
1126 1581 1206 1646 ob
1254 1581 1469 1645 divina
1511 1580 1817 1646 miracula
1860 1584 1994 1645 sine
2035 1580 2181 1646 labe
2224 1594 2571 1646 servantur.

821 1670 921 1733 3.ss
1006 1667 1095 1730 At
1156 1687 1308 1730 vero
1371 1664 1662 1728 Rodoald
1680 1677 1725 1747 ⁰,
1799 1687 1989 1750 quem
2060 1675 2216 1751 aput
2274 1665 2555 1729 Foroiuli
2612 1667 2873 1750 praemi-

657 1754 898 1817 simus⁴
956 1751 1300 1814 ducatumv
1344 1750 1622 1812 tenuisse
1638 1761 1683 1830 q,
1732 1770 1878 1811 cum
1920 1750 2003 1813 ab
2048 1748 2273 1813 eadem
2316 1751 2569 1814 civitate
2614 1752 2872 1826 abesset,

656 1835 937 1901 Ansfrit‘
968 1834 1046 1898 de
1078 1842 1280 1897 castro
1310 1832 1610 1895 Reunia*
1634 1845 1657 1878 ⁵
1702 1832 2003 1897 ducatum
2050 1834 2183 1897 eius
2228 1833 2469 1919 absque
2510 1834 2684 1917 regis
2728 1842 2871 1896 nutu

703 1920 952 1984 ervasit.
1054 1916 1198 1997 Quo
1255 1926 1580 2002 comperto
1593 1919 1629 1998 ‘,
1689 1915 1978 1980 Rodoald
2034 1918 2101 1979 in
2158 1916 2468 1981 Histriam
2525 1916 2766 2002 fugiitu
2806 1937 2871 1978 ac

657 1944 889 2069 geinde
951 2001 1207 2086 navigio
1271 2023 1387 2085 per
1449 1999 1824 2063 Ravennam
1874 2001 2170 2064 Ticinum
2234 2000 2316 2064 ad
2383 2000 2633 2065 Ouninc
2682 2012 2871 2066 ertum

656 2110 876 2173 regem
897 2085 1206 2172 pervenit.
1270 2084 1518 2147 Ansfrit
1544 2105 1695 2148 vero
1719 2106 1846 2147 non
1886 2094 2216 2149 contentus
2253 2084 2599 2148 ducatumv
2688 2086 2873 2148 oroiu-

656 2171 1012 2237 lanensium
1053 2191 1274 2253 regere
1289 2181 1350 2247 W,
1407 2169 1552 2231 insu
1600 2190 1667 2231 er
1708 2176 1924 2231 contra
1970 2166 2510 2253 Cunincpertum¹
2552 2168 2870 2247 rebellam,

657 2277 927 2341 regnum
969 2254 1103 2317 eius
1142 2251 1444 2315 invadere
1484 2273 1568 2315 vo
1592 2251 1687 2315 uit
1701 2263 1752 2314 Y.
1841 2251 1971 2315 Sed
2014 2252 2485 2338 conprehensus
2513 2254 2584 2316 in
2610 2252 2870 2330 Verona,
2962 2304 2964 2309 .

659 2340 742 2403 ad
785 2359 1001 2425 regem
1044 2335 1352 2400 deductus
1364 2346 1409 2416 Ζ,
1453 2333 1686 2399 evulsis
1730 2334 1927 2398 oculis
1944 2385 1960 2418 ‚
2019 2337 2087 2398 in
2140 2334 2402 2400 exilium
2460 2346 2674 2401 trusus
2694 2347 2723 2377 ‘¹
2776 2344 2870 2400 est.
2962 2332 2964 2337 ’

659 2421 1085 2487 Foroiulanob
1129 2428 1340 2483 autem
1383 2416 1641 2482 ducatui
1682 2427 1827 2503 post
1867 2418 2025 2482 haec
2067 2418 2233 2502 Ado,
2279 2421 2509 2483 frater⁰
2550 2418 2869 2497 Rodoaldi,

658 2504 1126 2571 lociservatoris
1147 2502 1432 2567 nomine‘l
1444 2524 1562 2587 per
1585 2514 1849 2566 annume
1868 2512 1930 2565 et
1950 2526 2198 2568 menses
2222 2513 2469 2589 septem
2490 2503 2869 2589 gubernavit.

659 2631 704 2683 a)
739 2632 1135 2672 Celemanicorum
1165 2629 1207 2668 A
1237 2629 1291 2677 43
1325 2628 1564 2669 celmania
1593 2627 1631 2666 L
1667 2634 1717 2678 ις
1764 2628 2212 2669 Oenomannieorum
2243 2631 2285 2669 D
2321 2632 2343 2669 1
2378 2640 2399 2669 e
2428 2641 2561 2682 coron,
2594 2636 2633 2670 et
2663 2632 2729 2671 ita
2759 2629 2868 2669 ceteri
2960 2600 2962 2625 ἶ

658 2692 702 2731 D
751 2690 988 2746 (Cemann.
1018 2686 1124 2737 ‘8a3
1171 2689 1573 2728 cenomannorum
1605 2685 1667 2738 3).
1832 2686 1877 2737 b)
1910 2687 2271 2729 Aurianensium
2317 2689 2354 2727 F
2387 2690 2437 2738 13
2484 2688 2717 2732 Aurilian.
2765 2689 2801 2729 G
2830 2690 2869 2733 13

656 2749 1001 2789 Aureliensium
1033 2746 1075 2787 G
1108 2748 1154 2795 23
1186 2746 1547 2785 Aureniensium
1580 2745 1620 2786 G
1652 2746 1733 2795 δεῖ
1763 2746 2111 2786 Auriniensium
2145 2747 2187 2788 G
2215 2748 2258 2787 4.
2410 2746 2452 2799 0)
2483 2749 2726 2797 regionem
2757 2749 2789 2789 C
2818 2744 2869 2785 ⁸1.

661 2806 709 2859 d)
741 2808 850 2845 deest
882 2806 916 2847 C
949 2803 1012 2845 ⁸1.
1047 2807 1096 2854 13
1141 2815 1244 2845 ven.
1291 2804 1414 2843 Seol.
1450 2826 1499 2833 —
1551 2804 1593 2844 b.
1626 2806 1800 2844 Bened.
1846 2806 1930 2845 des.
1979 2805 2014 2846 O
2044 2806 2086 2845 5.
2133 2807 2175 2845 D
2212 2807 2279 2845 la.
2316 2808 2359 2847 2.
2392 2802 2483 2858 Ἔα,
2530 2818 2551 2845 e
2582 2808 2742 2857 quibus
2784 2808 2822 2846 D
2850 2806 2868 2843 2
2958 2828 2960 2865 ᾖ

657 2868 796 2906 locum
841 2866 903 2904 ita
947 2864 1167 2903 restituere
1212 2868 1392 2901 conatus
1436 2868 1526 2902 est:
1573 2864 1674 2903 eius
1720 2873 1967 2913 germanae
2014 2871 2201 2905 sanctae
2240 2864 2314 2906 Sc.
2363 2875 2558 2915 corpora
2606 2867 2867 2907 detulerunt.

659 2923 704 2977 e)
737 2926 787 2963 in
818 2935 853 2963 s.
882 2936 927 2973 p.
976 2924 1062 2963 des.
1086 2922 1288 2972 pluribus
1317 2922 1454 2960 erasis
1497 2922 1534 2961 B
1569 2925 1609 2963 1.
1660 2944 1712 2953 -
1745 2927 2096 2972 asportaverunt
2141 2924 2176 2965 0
2210 2926 2251 2963 1.
2284 2924 2307 2963 1
2340 2925 2395 2974 13
2427 2928 2736 2974 apportarunt
2767 2924 2803 2964 G
2832 2924 2869 2969 23
2958 2902 2960 2932 l

660 2985 835 3033 deport.
866 2982 907 3022 A
941 2982 981 3023 3.
1117 2981 1154 3032 f)
1185 2982 1452 3029 singulatim
1479 2982 1518 3020 13·
1552 2982 1592 3019 1.
1732 2979 1778 3030 g)
1811 2981 1922 3020 deest
1966 2982 2009 3022 A
2042 2984 2083 3022 1.
2221 2980 2269 3032 h)
2302 2987 2496 3032 utroque
2530 2984 2564 3023 Ο
2598 2980 2659 3025 ’1.
2696 2985 2739 3025 3.
2768 2985 2807 3023 D
2836 2984 2867 3020 1.

657 3045 695 3084 F
729 3044 769 3085 1.
801 3041 842 3082 G
873 3043 1011 3091 1—33
1054 3042 1291 3090 utriusque
1324 3039 1358 3081 C
1389 3041 1432 3080 4.
1466 3041 1510 3079 D
1543 3040 1585 3083 3.
1616 3041 1657 3080 9.
1689 3041 1726 3079 F
1759 3036 1820 3081 ’2.
1854 3040 1897 3081 5.
1932 3039 1973 3081 G
2004 3042 2077 3084 38..
2107 3040 2160 3091 53
2207 3044 2318 3080 deest
2350 3042 2385 3082 O
2418 3043 2459 3082 1.
2491 3043 2516 3082 1
2548 3044 2589 3083 1.
2746 3042 2779 3094 i)
2807 3042 2868 3080 ho-

659 3113 772 3143 nore
818 3101 859 3141 A
890 3098 953 3143 ’3.
1003 3099 1054 3141 C.
1104 3101 1160 3150 D,
1207 3100 1310 3148 alii3
1355 3099 1400 3140 h.
1436 3110 1476 3139 e.
1509 3100 1596 3140 des.
1633 3098 1667 3139 C
1698 3101 1745 3139 4.
1778 3098 1822 3138 5.
1851 3100 1918 3149 D3
1966 3100 2010 3139 h.
2045 3103 2115 3139 est
2147 3121 2198 3131 —
2246 3099 2528 3141 Scolasticae
2559 3102 2647 3140 dee.
2682 3102 2727 3141 D
2762 3102 2797 3141 9.
2825 3119 2866 3128 -

658 3161 732 3203 Sc.
767 3171 869 3201 ossa
902 3162 1161 3199 constructa
1189 3162 1296 3198 sunt
1325 3158 1366 3197 A
1397 3158 1438 3199 2.
1554 3156 1604 3209 k)
1637 3159 1743 3197 deest
1774 3157 1816 3197 A
1846 3154 1909 3198 ⁸3.
2026 3156 2061 3210 1)
2093 3160 2143 3198 in
2175 3160 2378 3201 cinerem
2409 3160 2453 3201 d.
2486 3159 2577 3201 04.
2612 3159 2672 3211 ὃς
2706 3160 2869 3200 illibata

658 3222 750 3261 cod.
781 3220 909 3259 Dina.
945 3219 1037 3257 Ort.
1186 3217 1248 3269 m)
1278 3218 1428 3266 gloria
1457 3217 1495 3256 F
1531 3218 1571 3259 1.
1606 3216 1647 3256 G
1679 3219 1718 3259 1.
1751 3218 1801 3266 23
1849 3220 2010 3257 eterna
2037 3228 2083 3267 p.
2117 3218 2265 3265 gloria
2309 3218 2366 3257 D.
2414 3218 2452 3257 F
2481 3219 2526 3258 4.
2557 3218 2600 3259 5.
2651 3218 2695 3259 G
2729 3220 2796 3259 5a.
2826 3238 2865 3247 -

659 3279 963 3330 reparandam
995 3278 1029 3318 C
1064 3278 1102 3316 1.
1135 3276 1172 3315 F
1206 3278 1247 3317 1.
1365 3273 1415 3326 n)
1445 3276 1525 3314 hoc
1552 3287 1649 3324 cap.
1680 3288 1761 3317 om.
1792 3275 1836 3316 A
1866 3274 1927 3316 ’4.
2067 3273 2112 3327 o)
2145 3276 2370 3317 Romoald
2400 3275 2441 3315 A
2476 3279 2514 3328 1,
2546 3282 2586 3315 et
2616 3277 2681 3317 ita
2708 3282 2865 3327 postem

659 3338 872 3377 Romoalt
901 3337 1043 3375 eadem
1071 3345 1206 3374 manu
1233 3346 1346 3374 corr.
1379 3335 1577 3375 Rodoalt
1604 3334 1648 3375 A
1680 3336 1726 3384 23
1756 3334 1813 3383 cs.
1840 3345 1891 3383 p.
1928 3335 2010 3373 207
2042 3346 2087 3375 n.
2124 3346 2181 3377 w.
2270 3334 2318 3386 p)
2352 3335 2520 3376 ducatu
2547 3336 2586 3373 F
2608 3339 2648 3376 1.
2743 3335 2787 3387 q)
2816 3335 2867 3373 hic

661 3397 812 3436 desinit
842 3396 884 3434 D
921 3398 976 3434 la
1004 3395 1052 3433 in
1082 3394 1219 3432 media
1243 3394 1425 3443 pagina.
1577 3391 1618 3443 r)
1648 3392 1804 3433 Anfrit
1848 3394 1885 3433 A
1919 3390 1981 3433 ⁶3.
2132 3392 2172 3445 s)
2204 3394 2351 3435 Rema
2390 3406 2504 3435 corr.
2537 3396 2723 3435 Reunia
2767 3396 2798 3434 Ε·
2828 3394 2866 3439 13

659 3456 836 3495 Reuma
869 3453 909 3495 G
941 3455 981 3494 1.
1015 3454 1062 3502 23
1094 3453 1246 3492 Runia
1273 3454 1310 3491 F
1344 3453 1413 3492 la.
1449 3451 1490 3492 G
1519 3452 1570 3502 43
1601 3452 1810 3493 Reumad
1842 3451 1885 3493 G
1915 3452 1984 3493 5c.
2105 3450 2139 3503 t)
2175 3457 2407 3503 cuniperto
2439 3453 2479 3493 A
2512 3456 2552 3496 1.
2588 3453 2628 3494 G
2661 3456 2709 3503 1;
2754 3451 2866 3501 Quod

663 3516 943 3561 compertum
977 3512 1010 3553 C
1041 3510 1106 3552 ’1.
1138 3512 1180 3551 1.
1330 3508 1378 3560 u)
1409 3512 1472 3549 ita
1503 3510 1542 3549 A
1578 3512 1617 3552 1.
1654 3513 1694 3551 2.
1726 3513 1769 3552 4.
1800 3512 1838 3551 Β
1874 3512 1913 3551 2.
1946 3512 1983 3550 F
2016 3513 2056 3551 1.
2092 3510 2134 3551 G
2164 3512 2235 3552 8a.
2268 3514 2312 3552 4.
2344 3513 2389 3552 11
2422 3515 2461 3553 1.
2614 3510 2661 3563 v)
2697 3514 2865 3552 ducatus

663 3571 697 3613 C
733 3573 772 3622 1,
802 3571 878 3610 ubi
908 3580 1067 3619 regere
1099 3571 1225 3610 deest.
1359 3566 1420 3620 w)
1453 3571 1565 3609 deest
1596 3570 1631 3611 0
1665 3566 1729 3612 ’1.
1760 3572 1801 3611 1.
1922 3567 1970 3620 x)
2004 3580 2160 3618 regem
2193 3571 2310 3612 Cun.
2343 3571 2396 3612 G.
2428 3572 2487 3611 D.
2522 3571 2546 3610 Ι
2579 3572 2619 3611 1.
2742 3571 2787 3623 y)
2811 3571 2863 3608 de-

660 3630 766 3667 sinit
797 3628 838 3668 G
868 3626 930 3669 ’5.
1079 3626 1122 3679 z)
1154 3629 1314 3667 ductus
1361 3628 1412 3668 C.
1445 3629 1503 3668 D.
1534 3629 1559 3668 1
1593 3631 1632 3670 1.
1752 3627 1797 3679 a)
1831 3631 2034 3669 retrusus
2082 3629 2129 3668 C.
2165 3632 2221 3669 D.
2252 3630 2277 3669 1
2311 3632 2349 3669 1.
2500 3627 2549 3681 b)
2581 3631 2702 3670 Foro
2736 3634 2865 3670 autem

663 3688 821 3727 iulano
853 3686 895 3728 G
929 3688 973 3735 23
1003 3688 1274 3727 Foroiulani
1304 3686 1341 3725 F
1375 3688 1427 3736 13
1459 3687 1847 3727 Foroiulanorum
1877 3688 1914 3726 B
1952 3690 2021 3729 la.
2053 3687 2103 3729 0.
2137 3689 2205 3738 D3
2235 3689 2566 3729 Foroiulanum
2597 3690 2635 3729 F
2659 3688 2703 3730 4.
2739 3688 2779 3729 G
2805 3688 2862 3729 δι.

664 3767 718 3777 -
749 3746 963 3785 ducatum
993 3746 1031 3785 B
1065 3749 1131 3786 la.
1165 3746 1214 3787 0.
1244 3746 1302 3785 D.
1337 3744 1379 3785 G
1409 3746 1480 3790 5a.
1600 3744 1646 3797 0)
1676 3747 1863 3787 fratrem
1892 3748 1931 3787 B
1966 3749 2007 3787 1.
2041 3745 2082 3787 G
2116 3749 2155 3787 1.
2192 3749 2236 3789 2.
2350 3746 2394 3798 d)
2426 3749 2727 3789 lociservator
2757 3748 2865 3788 effec-

662 3807 736 3844 tus
768 3804 811 3844 G
841 3804 913 3844 8a.
1034 3803 1077 3856 e)
1111 3816 1232 3844 anno
1263 3806 1300 3843 F
1334 3806 1372 3844 1.
2690 3838 2697 3845 ,

665 3918 724 3984 1)
763 3916 800 3969 i.
838 3934 882 3969 e.
924 3914 1434 3979 Cenomawnieorum,
1474 3916 1551 3967 Le
1590 3918 1767 3969 Mans.
1918 3916 1975 3983 2)
2014 3917 2465 3985 Frequentissima
2502 3920 2654 3985 apud
2687 3929 2862 3972 veteres

661 3991 976 4043 christianos
1014 3990 1168 4057 hnjus
1216 3989 1363 4041 verbi
1411 3988 1641 4055 acceptio
1676 4008 1775 4056 pro
1824 3991 2095 4042 nocturnis
2136 3993 2383 4058 precibus
2437 4012 2501 4044 ac
2542 3991 2855 4059 psalmodiis,

662 4066 727 4116 cle
765 4062 953 4131 quibus
983 4063 1038 4115 d.
1063 4061 1432 4129 Hieronymus,
1479 4063 1837 4115 Tertullianus
1876 4063 2086 4131 aliique.
2144 4066 2239 4116 BI.
2387 4068 2445 4130 3)
2488 4066 2859 4119 &leber-rimam

663 4154 728 4189 ex
765 4138 859 4188 Ῑιοσ
893 4134 1058 4188 Pauli
1091 4136 1257 4186 nostri
1291 4134 1458 4200 capite
1495 4138 1900 4189 controversiam
1936 4140 2002 4191 de
2048 4139 2391 4191 translatione
2436 4139 2672 4205 corporis
2710 4158 2750 4191 s.
2785 4137 2857 4189 ab·

665 4211 798 4261 batis
833 4210 1108 4263 Benedicti
1145 4210 1351 4275 ejusque
1389 4211 1583 4260 sororis
1621 4210 1975 4263 Scholastieae
2016 4208 2289 4263 Casinates
2324 4214 2463 4265 inter
2499 4222 2548 4265 et
2572 4212 2855 4265 Πίον-ἰαππ-

655 4301 743 4335 ses
779 4285 1074 4346 monachos,
1111 4281 1263 4332 immo
1299 4280 1436 4333 inter
1471 4282 1639 4333 Italos
1686 4290 1889 4336 nostros
1937 4292 1987 4337 et
2024 4284 2205 4337 Gallos
2252 4284 2511 4339 multoties
2548 4287 2853 4353 restit-atam,

653 4356 1101 4423 praestantissimi
1129 4355 1234 4407 viri
1252 4356 1370 4423 jam
1389 4354 1485 4405 diu
1494 4365 1911 4421 pertractarunt.
1950 4359 2045 4411 BI.
2142 4356 2203 4425 4)
2235 4358 2293 4424 V,
2315 4360 2401 4411 24.
2519 4358 2579 4427 5)
2598 4360 2854 4427 Bayoqna.
