<?xml version="1.0" encoding="UTF-8"?>
<!DOCTYPE html PUBLIC "-//W3C//DTD XHTML 1.0 Transitional//EN"
    "http://www.w3.org/TR/xhtml1/DTD/xhtml1-transitional.dtd">
<html xmlns="http://www.w3.org/1999/xhtml" xml:lang="en" lang="en">
 <head>
  <title>
</title>
<meta http-equiv="Content-Type" content="text/html;charset=utf-8" />
  <meta name='ocr-system' content='tesseract 3.04.00' />
  <meta name='ocr-capabilities' content='ocr_page ocr_carea ocr_par ocr_line ocrx_word'/>
</head>
<body>
  <div class='ocr_page' id='page_1' title='image "./scriptoresrerum05unkngoog_0051.png"; bbox 0 0 2984 4917; ppageno 0'>
   <div class='ocr_carea' id='block_1_1' title="bbox 627 373 2393 429">
    <p class='ocr_par' dir='ltr' id='par_1_1' title="bbox 627 373 2393 429">
     <span class='ocr_line' id='line_1_1' title="bbox 627 373 2393 429; baseline 0.002 -5"><span class='ocrx_word' id='word_1_1' title='bbox 627 373 846 427; x_wconf 87' lang='lat' dir='ltr'><strong>PAULI</strong></span> <span class='ocrx_word' id='word_1_2' title='bbox 882 376 1228 428; x_wconf 84' lang='lat' dir='ltr'>HISTORIA</span> <span class='ocrx_word' id='word_1_3' title='bbox 1267 376 1937 429; x_wconf 80' lang='lat' dir='ltr'><strong>LANGOBARDORUM.</strong></span> <span class='ocrx_word' id='word_1_4' title='bbox 2325 379 2393 427; x_wconf 86' lang='lat'><em>41</em></span> 
     </span>
    </p>
   </div>
   <div class='ocr_carea' id='block_1_2' title="bbox 143 540 2405 3809">
    <p class='ocr_par' dir='ltr' id='par_1_2' title="bbox 160 540 2405 943">
     <span class='ocr_line' id='line_1_2' title="bbox 333 540 2403 629; baseline 0.002 -24"><span class='ocrx_word' id='word_1_5' title='bbox 333 540 474 625; x_wconf 84' lang='lat'>(85)</span> <span class='ocrx_word' id='word_1_6' title='bbox 519 541 599 604; x_wconf 92' lang='lat' dir='ltr'><em>H</em></span> <span class='ocrx_word' id='word_1_7' title='bbox 614 541 676 604; x_wconf 87' lang='lat'><em>4.</em></span> <span class='ocrx_word' id='word_1_8' title='bbox 762 541 1032 606; x_wconf 82' lang='lat' dir='ltr'><em>Ooeoni</em></span> <span class='ocrx_word' id='word_1_9' title='bbox 1047 545 1271 607; x_wconf 90' lang='lat' dir='ltr'><em>ensis</em></span> <span class='ocrx_word' id='word_1_10' title='bbox 1314 543 1573 628; x_wconf 66' lang='lat' dir='ltr'><em>collegii</em></span> <span class='ocrx_word' id='word_1_11' title='bbox 1605 542 1794 629; x_wconf 83' lang='lat' dir='ltr'><em>Corp.</em></span> <span class='ocrx_word' id='word_1_12' title='bbox 1834 540 2077 609; x_wconf 84' lang='lat' dir='ltr'><em>Christi</em></span> <span class='ocrx_word' id='word_1_13' title='bbox 2091 554 2111 589; x_wconf 85' lang='lat'>1</span> <span class='ocrx_word' id='word_1_14' title='bbox 2141 544 2267 609; x_wconf 91' lang='lat' dir='ltr'><em>Nr.</em></span> <span class='ocrx_word' id='word_1_15' title='bbox 2300 545 2403 627; x_wconf 83' lang='lat'><em>82,</em></span> 
     </span>
     <span class='ocr_line' id='line_1_3' title="bbox 160 624 2402 709; baseline 0.002 -21"><span class='ocrx_word' id='word_1_16' title='bbox 160 624 420 689; x_wconf 82' lang='lat' dir='ltr'><strong><em>membr.</em></strong></span> <span class='ocrx_word' id='word_1_17' title='bbox 464 648 517 687; x_wconf 91' lang='lat' dir='ltr'><em>s.</em></span> <span class='ocrx_word' id='word_1_18' title='bbox 562 625 750 688; x_wconf 87' lang='lat' dir='ltr'><strong><em>XIII.</em></strong></span> <span class='ocrx_word' id='word_1_19' title='bbox 774 625 905 709; x_wconf 86' lang='lat' dir='ltr'><em>fol.</em></span> <span class='ocrx_word' id='word_1_20' title='bbox 951 649 1150 707; x_wconf 70' lang='lat' dir='ltr'><em>masc„</em></span> <span class='ocrx_word' id='word_1_21' title='bbox 1191 630 1264 691; x_wconf 91' lang='lat' dir='ltr'><em>in</em></span> <span class='ocrx_word' id='word_1_22' title='bbox 1312 624 1561 708; x_wconf 74' lang='lat' dir='ltr'><em>Gallia,</em></span> <span class='ocrx_word' id='word_1_23' title='bbox 1608 636 1678 691; x_wconf 89' lang='lat' dir='ltr'><em>ut</em></span> <span class='ocrx_word' id='word_1_24' title='bbox 1731 628 2005 708; x_wconf 82' lang='lat' dir='ltr'><em>videtur,</em></span> <span class='ocrx_word' id='word_1_25' title='bbox 2065 638 2402 693; x_wconf 76' lang='lat' dir='ltr'><em>exaratus.</em></span> 
     </span>
     <span class='ocr_line' id='line_1_4' title="bbox 160 706 2405 795; baseline 0.002 -23"><span class='ocrx_word' id='word_1_26' title='bbox 160 709 402 772; x_wconf 90' lang='lat' dir='ltr'><em>Insunt</em></span> <span class='ocrx_word' id='word_1_27' title='bbox 464 706 677 773; x_wconf 81' lang='lat' dir='ltr'><em>Curtii</em></span> <span class='ocrx_word' id='word_1_28' title='bbox 734 709 1014 775; x_wconf 84' lang='lat' dir='ltr'><em>historia</em></span> <span class='ocrx_word' id='word_1_29' title='bbox 1068 711 1475 791; x_wconf 78' lang='lat' dir='ltr'><em>Ateoeandri,</em></span> <span class='ocrx_word' id='word_1_30' title='bbox 1538 711 1736 775; x_wconf 79' lang='lat' dir='ltr'><em>Gesta</em></span> <span class='ocrx_word' id='word_1_31' title='bbox 1794 711 2095 795; x_wconf 83' lang='lat' dir='ltr'><em>ejusdem,</em></span> <span class='ocrx_word' id='word_1_32' title='bbox 2162 710 2405 777; x_wconf 82' lang='lat' dir='ltr'><em>Caesar</em></span> 
     </span>
     <span class='ocr_line' id='line_1_5' title="bbox 162 789 2403 879; baseline 0.002 -24"><span class='ocrx_word' id='word_1_33' title='bbox 162 791 239 855; x_wconf 90' lang='lat' dir='ltr'><em>de</em></span> <span class='ocrx_word' id='word_1_34' title='bbox 296 790 456 856; x_wconf 79' lang='lat' dir='ltr'><em>bello</em></span> <span class='ocrx_word' id='word_1_35' title='bbox 525 789 812 874; x_wconf 73' lang='lat' dir='ltr'><em>Gallico,</em></span> <span class='ocrx_word' id='word_1_36' title='bbox 877 794 1282 874; x_wconf 86' lang='lat' dir='ltr'><em>Ademarus,</em></span> <span class='ocrx_word' id='word_1_37' title='bbox 1343 795 1645 859; x_wconf 73' lang='lat' dir='ltr'><em>Historia</em></span> <span class='ocrx_word' id='word_1_38' title='bbox 1700 793 2073 879; x_wconf 79' lang='lat' dir='ltr'><em>Apollonii,</em></span> <span class='ocrx_word' id='word_1_39' title='bbox 2128 795 2403 861; x_wconf 82' lang='lat' dir='ltr'><em>Paulus.</em></span> 
     </span>
     <span class='ocr_line' id='line_1_6' title="bbox 166 874 1406 943; baseline 0.001 -3"><span class='ocrx_word' id='word_1_40' title='bbox 166 874 464 941; x_wconf 82' lang='lat' dir='ltr'><em>Codicem</em></span> <span class='ocrx_word' id='word_1_41' title='bbox 508 874 738 941; x_wconf 82' lang='lat' dir='ltr'><em>evolvit</em></span> <span class='ocrx_word' id='word_1_42' title='bbox 796 877 859 943; x_wconf 92' lang='lat' dir='ltr'><em>V.</em></span> <span class='ocrx_word' id='word_1_43' title='bbox 912 876 1010 942; x_wconf 80' lang='lat' dir='ltr'><em>Gt.</em></span> <span class='ocrx_word' id='word_1_44' title='bbox 1054 879 1138 942; x_wconf 82' lang='lat' dir='ltr'><em>R.</em></span> <span class='ocrx_word' id='word_1_45' title='bbox 1183 877 1406 942; x_wconf 84' lang='lat' dir='ltr'><em>Pauli.</em></span> 
     </span>
    </p>

    <p class='ocr_par' dir='ltr' id='par_1_3' title="bbox 155 958 2405 1463">
     <span class='ocr_line' id='line_1_7' title="bbox 330 958 2403 1046; baseline 0.002 -23"><span class='ocrx_word' id='word_1_46' title='bbox 330 958 469 1045; x_wconf 83' lang='lat'>(86)</span> <span class='ocrx_word' id='word_1_47' title='bbox 530 960 611 1023; x_wconf 89' lang='lat' dir='ltr'><em>H</em></span> <span class='ocrx_word' id='word_1_48' title='bbox 638 960 698 1024; x_wconf 87' lang='lat'><em>5.</em></span> <span class='ocrx_word' id='word_1_49' title='bbox 808 961 1258 1026; x_wconf 88' lang='lat' dir='ltr'><em>Bernensis</em></span> <span class='ocrx_word' id='word_1_50' title='bbox 1329 962 1452 1025; x_wconf 92' lang='lat' dir='ltr'><em>Nr.</em></span> <span class='ocrx_word' id='word_1_51' title='bbox 1512 960 1669 1042; x_wconf 87' lang='grc'><em>208,</em></span> <span class='ocrx_word' id='word_1_52' title='bbox 1743 961 1915 1042; x_wconf 79' lang='lat' dir='ltr'><em>olim,</em></span> <span class='ocrx_word' id='word_1_53' title='bbox 1986 970 2058 1025; x_wconf 88' lang='lat' dir='ltr'><em>ut</em></span> <span class='ocrx_word' id='word_1_54' title='bbox 2126 963 2403 1046; x_wconf 82' lang='lat' dir='ltr'><em>videtur,</em></span> 
     </span>
     <span class='ocr_line' id='line_1_8' title="bbox 159 1040 2401 1130; baseline 0 -21"><span class='ocrx_word' id='word_1_55' title='bbox 159 1040 225 1109; x_wconf 82' lang='lat' dir='ltr'><em>S.</em></span> <span class='ocrx_word' id='word_1_56' title='bbox 258 1044 372 1107; x_wconf 87' lang='lat' dir='ltr'><em>Eu</em></span> <span class='ocrx_word' id='word_1_57' title='bbox 419 1044 576 1107; x_wconf 88' lang='lat' dir='ltr'><em>endi</em></span> <span class='ocrx_word' id='word_1_58' title='bbox 607 1044 917 1110; x_wconf 87' lang='lat' dir='ltr'><em>Jurensis</em></span> <span class='ocrx_word' id='word_1_59' title='bbox 931 1056 974 1125; x_wconf 88' lang='lat'><em>²,</em></span> <span class='ocrx_word' id='word_1_60' title='bbox 1007 1054 1238 1129; x_wconf 86' lang='lat' dir='ltr'><em>postea</em></span> <span class='ocrx_word' id='word_1_61' title='bbox 1280 1045 1586 1110; x_wconf 77' lang='lat' dir='ltr'><em>Danielis</em></span> <span class='ocrx_word' id='word_1_62' title='bbox 1630 1054 1687 1109; x_wconf 91' lang='lat' dir='ltr'><em>et</em></span> <span class='ocrx_word' id='word_1_63' title='bbox 1713 1045 2105 1130; x_wconf 71' lang='lat' dir='ltr'><em>Bonqarsii,</em></span> <span class='ocrx_word' id='word_1_64' title='bbox 2148 1046 2401 1111; x_wconf 80' lang='lat' dir='ltr'><strong><em>membr.</em></strong></span> 
     </span>
     <span class='ocr_line' id='line_1_9' title="bbox 157 1126 2405 1213; baseline 0.002 -23"><span class='ocrx_word' id='word_1_65' title='bbox 157 1126 343 1191; x_wconf 88' lang='lat' dir='ltr'><em>s.XI</em></span> <span class='ocrx_word' id='word_1_66' title='bbox 397 1172 412 1189; x_wconf 98' lang='lat'><em>.</em></span> <span class='ocrx_word' id='word_1_67' title='bbox 457 1128 552 1191; x_wconf 90' lang='lat' dir='ltr'><em>in.</em></span> <span class='ocrx_word' id='word_1_68' title='bbox 577 1126 734 1213; x_wconf 68' lang='lat' dir='ltr'><em>fol„</em></span> <span class='ocrx_word' id='word_1_69' title='bbox 777 1129 1001 1193; x_wconf 88' lang='lat' dir='ltr'><em>eadem</em></span> <span class='ocrx_word' id='word_1_70' title='bbox 1045 1150 1213 1213; x_wconf 80' lang='lat' dir='ltr'><em>quae</em></span> <span class='ocrx_word' id='word_1_71' title='bbox 1254 1129 1334 1192; x_wconf 92' lang='lat' dir='ltr'><em>H</em></span> <span class='ocrx_word' id='word_1_72' title='bbox 1354 1130 1386 1191; x_wconf 95' lang='grc'>1</span> <span class='ocrx_word' id='word_1_73' title='bbox 1433 1131 1716 1193; x_wconf 86' lang='lat' dir='ltr'><em>continet</em></span> <span class='ocrx_word' id='word_1_74' title='bbox 1756 1151 1977 1213; x_wconf 85' lang='lat' dir='ltr'><em>opera,</em></span> <span class='ocrx_word' id='word_1_75' title='bbox 2065 1130 2405 1195; x_wconf 86' lang='lat' dir='ltr'><em>uibuscum</em></span> 
     </span>
     <span class='ocr_line' id='line_1_10' title="bbox 156 1211 2401 1299; baseline 0.004 -26"><span class='ocrx_word' id='word_1_76' title='bbox 156 1212 585 1297; x_wconf 72' lang='lat' dir='ltr'><em>Bonyarsius</em></span> <span class='ocrx_word' id='word_1_77' title='bbox 617 1212 828 1296; x_wconf 85' lang='lat' dir='ltr'><em>plura</em></span> <span class='ocrx_word' id='word_1_78' title='bbox 884 1212 1026 1277; x_wconf 82' lang='lat' dir='ltr'><em>alia</em></span> <span class='ocrx_word' id='word_1_79' title='bbox 1079 1213 1545 1299; x_wconf 74' lang='lat' dir='ltr'><em>compayinari</em></span> <span class='ocrx_word' id='word_1_80' title='bbox 1566 1211 1738 1298; x_wconf 89' lang='lat' dir='ltr'><em>fecit</em></span> <span class='ocrx_word' id='word_1_81' title='bbox 1788 1211 1909 1297; x_wconf 74' lang='lat' dir='ltr'><em>(cf.</em></span> <span class='ocrx_word' id='word_1_82' title='bbox 2028 1237 2216 1299; x_wconf 71' lang='lat' dir='ltr'><em>aqen,</em></span> <span class='ocrx_word' id='word_1_83' title='bbox 2266 1213 2401 1283; x_wconf 83' lang='lat' dir='ltr'><em>Cat.</em></span> 
     </span>
     <span class='ocr_line' id='line_1_11' title="bbox 156 1294 2400 1379; baseline 0.001 -21"><span class='ocrx_word' id='word_1_84' title='bbox 156 1296 364 1359; x_wconf 86' lang='lat' dir='ltr'><em>Rern.</em></span> <span class='ocrx_word' id='word_1_85' title='bbox 385 1317 462 1379; x_wconf 86' lang='lat' dir='ltr'><em>p.</em></span> <span class='ocrx_word' id='word_1_86' title='bbox 493 1294 674 1377; x_wconf 77' lang='lat'><em>256).</em></span> <span class='ocrx_word' id='word_1_87' title='bbox 751 1296 986 1361; x_wconf 83' lang='lat' dir='ltr'><em>Variae</em></span> <span class='ocrx_word' id='word_1_88' title='bbox 1031 1296 1232 1379; x_wconf 79' lang='lat' dir='ltr'><em>hujus</em></span> <span class='ocrx_word' id='word_1_89' title='bbox 1276 1295 1575 1361; x_wconf 83' lang='lat' dir='ltr'><em>lectiones</em></span> <span class='ocrx_word' id='word_1_90' title='bbox 1620 1306 1915 1362; x_wconf 88' lang='lat' dir='ltr'><em>enotatae</em></span> <span class='ocrx_word' id='word_1_91' title='bbox 1959 1308 2113 1361; x_wconf 88' lang='lat' dir='ltr'><em>sunt</em></span> <span class='ocrx_word' id='word_1_92' title='bbox 2155 1299 2229 1361; x_wconf 91' lang='lat' dir='ltr'><em>in</em></span> <span class='ocrx_word' id='word_1_93' title='bbox 2263 1300 2400 1363; x_wconf 91' lang='lat' dir='ltr'><em>cod.</em></span> 
     </span>
     <span class='ocr_line' id='line_1_12' title="bbox 155 1378 1171 1463; baseline 0.002 -22"><span class='ocrx_word' id='word_1_94' title='bbox 155 1378 380 1443; x_wconf 90' lang='lat' dir='ltr'><em>Paris.</em></span> <span class='ocrx_word' id='word_1_95' title='bbox 426 1379 527 1443; x_wconf 84' lang='lat' dir='ltr'><em>Su</em></span> <span class='ocrx_word' id='word_1_96' title='bbox 567 1380 668 1463; x_wconf 85' lang='lat' dir='ltr'><em>pl.</em></span> <span class='ocrx_word' id='word_1_97' title='bbox 709 1379 856 1444; x_wconf 87' lang='lat' dir='ltr'><em>Lat.</em></span> <span class='ocrx_word' id='word_1_98' title='bbox 899 1381 1026 1444; x_wconf 93' lang='lat' dir='ltr'><em>Nr.</em></span> <span class='ocrx_word' id='word_1_99' title='bbox 1068 1381 1171 1445; x_wconf 88' lang='lat'><em>40.</em></span> 
     </span>
    </p>

    <p class='ocr_par' dir='ltr' id='par_1_4' title="bbox 154 1403 2405 1778">
     <span class='ocr_line' id='line_1_13' title="bbox 330 1403 2402 1550; baseline 0.001 -23"><span class='ocrx_word' id='word_1_100' title='bbox 330 1460 470 1550; x_wconf 86' lang='lat'>(87)</span> <span class='ocrx_word' id='word_1_101' title='bbox 504 1403 696 1527; x_wconf 53' lang='grc' dir='ltr'><strong>Εὔα.</strong></span> <span class='ocrx_word' id='word_1_102' title='bbox 762 1463 1305 1529; x_wconf 89' lang='lat' dir='ltr'><em>Parisiensis</em></span> <span class='ocrx_word' id='word_1_103' title='bbox 1334 1464 1458 1528; x_wconf 89' lang='lat' dir='ltr'><em>Nr.</em></span> <span class='ocrx_word' id='word_1_104' title='bbox 1503 1463 1709 1529; x_wconf 86' lang='lat'>17780</span> <span class='ocrx_word' id='word_1_105' title='bbox 1747 1465 2077 1547; x_wconf 75' lang='lat' dir='ltr'><em>(Bouhier</em></span> <span class='ocrx_word' id='word_1_106' title='bbox 2108 1466 2233 1529; x_wconf 85' lang='lat' dir='ltr'><em>Nr.</em></span> <span class='ocrx_word' id='word_1_107' title='bbox 2259 1465 2402 1548; x_wconf 84' lang='lat'><em>93),</em></span> 
     </span>
     <span class='ocr_line' id='line_1_14' title="bbox 154 1546 2405 1634; baseline 0.002 -25"><span class='ocrx_word' id='word_1_108' title='bbox 154 1547 368 1610; x_wconf 89' lang='lat' dir='ltr'><em>chart.</em></span> <span class='ocrx_word' id='word_1_109' title='bbox 427 1569 478 1609; x_wconf 87' lang='lat' dir='ltr'><em>s.</em></span> <span class='ocrx_word' id='word_1_110' title='bbox 522 1546 706 1628; x_wconf 91' lang='lat' dir='ltr'><em>XVI,</em></span> <span class='ocrx_word' id='word_1_111' title='bbox 765 1569 846 1611; x_wconf 82' lang='lat' dir='ltr'><em>eoe</em></span> <span class='ocrx_word' id='word_1_112' title='bbox 903 1548 1042 1612; x_wconf 93' lang='lat' dir='ltr'><em>cod.</em></span> <span class='ocrx_word' id='word_1_113' title='bbox 1101 1548 1172 1616; x_wconf 79' lang='lat' dir='ltr'><em>S.</em></span> <span class='ocrx_word' id='word_1_114' title='bbox 1217 1549 1532 1634; x_wconf 70' lang='lat' dir='ltr'><em>Euyendi</em></span> <span class='ocrx_word' id='word_1_115' title='bbox 1588 1547 1951 1633; x_wconf 88' lang='lat' dir='ltr'><em>descriptus</em></span> <span class='ocrx_word' id='word_1_116' title='bbox 2005 1558 2061 1613; x_wconf 89' lang='lat' dir='ltr'><em>et</em></span> <span class='ocrx_word' id='word_1_117' title='bbox 2125 1547 2405 1634; x_wconf 81' lang='lat' dir='ltr'><em>Chifletii</em></span> 
     </span>
     <span class='ocr_line' id='line_1_15' title="bbox 154 1630 2402 1719; baseline 0.002 -24"><span class='ocrx_word' id='word_1_118' title='bbox 154 1652 364 1695; x_wconf 87' lang='lat' dir='ltr'><em>manu</em></span> <span class='ocrx_word' id='word_1_119' title='bbox 408 1630 516 1694; x_wconf 90' lang='lat' dir='ltr'><em>hic</em></span> <span class='ocrx_word' id='word_1_120' title='bbox 557 1631 695 1695; x_wconf 82' lang='lat' dir='ltr'><em>illic</em></span> <span class='ocrx_word' id='word_1_121' title='bbox 741 1641 1079 1696; x_wconf 88' lang='lat' dir='ltr'><em>correctus.</em></span> <span class='ocrx_word' id='word_1_122' title='bbox 1153 1630 1378 1697; x_wconf 79' lang='lat' dir='ltr'><em>Solam</em></span> <span class='ocrx_word' id='word_1_123' title='bbox 1421 1633 1765 1697; x_wconf 75' lang='lat' dir='ltr'><em>historiam</em></span> <span class='ocrx_word' id='word_1_124' title='bbox 1809 1631 2402 1719; x_wconf 74' lang='lat' dir='ltr'><em>Lanyobardorum</em></span> 
     </span>
     <span class='ocr_line' id='line_1_16' title="bbox 154 1716 458 1778; baseline 0 -1"><span class='ocrx_word' id='word_1_125' title='bbox 154 1716 458 1778; x_wconf 84' lang='lat' dir='ltr'><em>continet.</em></span> 
     </span>
    </p>

    <p class='ocr_par' dir='ltr' id='par_1_5' title="bbox 151 1797 2404 2196">
     <span class='ocr_line' id='line_1_17' title="bbox 325 1797 2402 1885; baseline 0.001 -24"><span class='ocrx_word' id='word_1_126' title='bbox 325 1797 538 1863; x_wconf 84' lang='lat' dir='ltr'><em>Aliud</em></span> <span class='ocrx_word' id='word_1_127' title='bbox 563 1821 770 1884; x_wconf 73' lang='lat' dir='ltr'><em>yenus</em></span> <span class='ocrx_word' id='word_1_128' title='bbox 797 1801 871 1864; x_wconf 89' lang='lat' dir='ltr'><em>in</em></span> <span class='ocrx_word' id='word_1_129' title='bbox 895 1799 1204 1863; x_wconf 88' lang='lat' dir='ltr'><em>Bavaria</em></span> <span class='ocrx_word' id='word_1_130' title='bbox 1234 1809 1464 1863; x_wconf 89' lang='lat' dir='ltr'><em>natum</em></span> <span class='ocrx_word' id='word_1_131' title='bbox 1493 1809 1583 1863; x_wconf 89' lang='lat' dir='ltr'><em>est</em></span> <span class='ocrx_word' id='word_1_132' title='bbox 1612 1809 1668 1863; x_wconf 92' lang='lat' dir='ltr'><em>et</em></span> <span class='ocrx_word' id='word_1_133' title='bbox 1686 1821 1913 1884; x_wconf 88' lang='lat' dir='ltr'><em>propa</em></span> <span class='ocrx_word' id='word_1_134' title='bbox 1963 1809 2142 1863; x_wconf 87' lang='lat' dir='ltr'><em>atum</em></span> <span class='ocrx_word' id='word_1_135' title='bbox 2154 1822 2179 1881; x_wconf 81' lang='lat'><em>,⁰</em></span> <span class='ocrx_word' id='word_1_136' title='bbox 2212 1803 2402 1885; x_wconf 83' lang='lat' dir='ltr'><em>cujus</em></span> 
     </span>
     <span class='ocr_line' id='line_1_18' title="bbox 155 1881 2403 1967; baseline 0.001 -22"><span class='ocrx_word' id='word_1_137' title='bbox 155 1890 390 1946; x_wconf 83' lang='lat' dir='ltr'><em>auctor</em></span> <span class='ocrx_word' id='word_1_138' title='bbox 422 1892 692 1966; x_wconf 86' lang='lat' dir='ltr'><em>praeter</em></span> <span class='ocrx_word' id='word_1_139' title='bbox 733 1883 1012 1948; x_wconf 84' lang='lat' dir='ltr'><em>codicem</em></span> <span class='ocrx_word' id='word_1_140' title='bbox 1043 1884 1110 1945; x_wconf 92' lang='lat' dir='ltr'><em>D</em></span> <span class='ocrx_word' id='word_1_141' title='bbox 1154 1884 1287 1967; x_wconf 83' lang='lat' dir='ltr'><em>(vel</em></span> <span class='ocrx_word' id='word_1_142' title='bbox 1335 1882 1391 1949; x_wconf 84' lang='lat' dir='ltr'><em>C</em></span> <span class='ocrx_word' id='word_1_143' title='bbox 1418 1884 1482 1946; x_wconf 83' lang='lat'><em>*1</em></span> <span class='ocrx_word' id='word_1_144' title='bbox 1490 1887 1524 1964; x_wconf 90' lang='lat'><em>)</em></span> <span class='ocrx_word' id='word_1_145' title='bbox 1573 1884 1846 1947; x_wconf 79' lang='lat' dir='ltr'><em>alterum</em></span> <span class='ocrx_word' id='word_1_146' title='bbox 1890 1908 1921 1948; x_wconf 86' lang='lat' dir='ltr'><em>c</em></span> <span class='ocrx_word' id='word_1_147' title='bbox 1951 1885 2124 1947; x_wconf 88' lang='lat' dir='ltr'><em>assis</em></span> <span class='ocrx_word' id='word_1_148' title='bbox 2171 1881 2230 1947; x_wconf 72' lang='lat' dir='ltr'><strong><em>G</em></strong></span> <span class='ocrx_word' id='word_1_149' title='bbox 2275 1884 2403 1967; x_wconf 91' lang='lat' dir='ltr'><em>(ad</em></span> 
     </span>
     <span class='ocr_line' id='line_1_19' title="bbox 155 1965 2404 2052; baseline 0.001 -24"><span class='ocrx_word' id='word_1_150' title='bbox 155 1965 214 2028; x_wconf 75' lang='lat' dir='ltr'><strong><em>G</em></strong></span> <span class='ocrx_word' id='word_1_151' title='bbox 260 1966 334 2029; x_wconf 83' lang='lat'><em>*3</em></span> <span class='ocrx_word' id='word_1_152' title='bbox 369 1988 588 2051; x_wconf 84' lang='lat' dir='ltr'><em>prope</em></span> <span class='ocrx_word' id='word_1_153' title='bbox 634 1967 1064 2048; x_wconf 83' lang='lat' dir='ltr'><em>accedentem;</em></span> <span class='ocrx_word' id='word_1_154' title='bbox 1110 1990 1168 2031; x_wconf 85' lang='lat' dir='ltr'><em>v.</em></span> <span class='ocrx_word' id='word_1_155' title='bbox 1215 1967 1341 2049; x_wconf 89' lang='lat' dir='ltr'><em>III,</em></span> <span class='ocrx_word' id='word_1_156' title='bbox 1373 1966 1456 2031; x_wconf 86' lang='grc'><em>29</em></span> <span class='ocrx_word' id='word_1_157' title='bbox 1457 1972 1492 2049; x_wconf 88' lang='lat'><em>)</em></span> <span class='ocrx_word' id='word_1_158' title='bbox 1541 1967 1861 2047; x_wconf 77' lang='lat' dir='ltr'><em>adhibuit,</em></span> <span class='ocrx_word' id='word_1_159' title='bbox 1909 1989 2404 2052; x_wconf 72' lang='lat' dir='ltr'><em>nonnumquam</em></span> 
     </span>
     <span class='ocr_line' id='line_1_20' title="bbox 151 2049 2148 2196; baseline 0 -83"><span class='ocrx_word' id='word_1_160' title='bbox 151 2051 500 2133; x_wconf 80' lang='lat' dir='ltr'><em>utriusque</em></span> <span class='ocrx_word' id='word_1_161' title='bbox 541 2050 840 2115; x_wconf 85' lang='lat' dir='ltr'><em>lectiones</em></span> <span class='ocrx_word' id='word_1_162' title='bbox 883 2052 1267 2137; x_wconf 78' lang='lat' dir='ltr'><em>conjunaeit,·</em></span> <span class='ocrx_word' id='word_1_163' title='bbox 1313 2050 1396 2196; x_wconf 60' lang='grc' dir='ltr'><em>(ΞΣ</em></span> <span class='ocrx_word' id='word_1_164' title='bbox 1441 2052 1531 2115; x_wconf 89' lang='grc' dir='ltr'><em>Ν.</em></span> <span class='ocrx_word' id='word_1_165' title='bbox 1576 2051 1773 2115; x_wconf 88' lang='lat' dir='ltr'><em>Arch.</em></span> <span class='ocrx_word' id='word_1_166' title='bbox 1806 2050 1861 2131; x_wconf 88' lang='grc' dir='ltr'><em>Ι,</em></span> <span class='ocrx_word' id='word_1_167' title='bbox 1896 2073 1970 2134; x_wconf 83' lang='lat' dir='ltr'><em>p.</em></span> <span class='ocrx_word' id='word_1_168' title='bbox 1994 2049 2148 2118; x_wconf 66' lang='lat'><em>558.</em></span> 
     </span>
    </p>

    <p class='ocr_par' dir='ltr' id='par_1_6' title="bbox 146 2133 2403 2701">
     <span class='ocr_line' id='line_1_21' title="bbox 326 2133 2402 2220; baseline 0 -23"><span class='ocrx_word' id='word_1_169' title='bbox 326 2133 466 2219; x_wconf 86' lang='lat'>(88)</span> <span class='ocrx_word' id='word_1_170' title='bbox 514 2133 563 2196; x_wconf 92' lang='grc' dir='ltr'><em>Ι</em></span> <span class='ocrx_word' id='word_1_171' title='bbox 585 2136 637 2195; x_wconf 93' lang='lat' dir='ltr'><em>l.</em></span> <span class='ocrx_word' id='word_1_172' title='bbox 725 2135 1262 2199; x_wconf 78' lang='lat' dir='ltr'><em>Monacensis</em></span> <span class='ocrx_word' id='word_1_173' title='bbox 1379 2144 1464 2198; x_wconf 91' lang='lat' dir='ltr'><em>at.</em></span> <span class='ocrx_word' id='word_1_174' title='bbox 1524 2134 1649 2198; x_wconf 86' lang='lat' dir='ltr'><em>Nr.</em></span> <span class='ocrx_word' id='word_1_175' title='bbox 1697 2134 1859 2199; x_wconf 86' lang='lat'>6391</span> <span class='ocrx_word' id='word_1_176' title='bbox 1919 2135 2402 2220; x_wconf 73' lang='lat' dir='ltr'><em>(Frisinyensis</em></span> 
     </span>
     <span class='ocr_line' id='line_1_22' title="bbox 147 2216 2403 2303; baseline 0 -22"><span class='ocrx_word' id='word_1_177' title='bbox 147 2218 281 2281; x_wconf 89' lang='lat' dir='ltr'><em>Nr.</em></span> <span class='ocrx_word' id='word_1_178' title='bbox 321 2216 475 2299; x_wconf 87' lang='lat'><em>191)</em></span> <span class='ocrx_word' id='word_1_179' title='bbox 519 2218 774 2282; x_wconf 82' lang='lat' dir='ltr'><em>membr.</em></span> <span class='ocrx_word' id='word_1_180' title='bbox 840 2240 889 2282; x_wconf 86' lang='lat' dir='ltr'><em>s.</em></span> <span class='ocrx_word' id='word_1_181' title='bbox 921 2218 1034 2281; x_wconf 92' lang='lat' dir='ltr'><em>XI.</em></span> <span class='ocrx_word' id='word_1_182' title='bbox 1077 2219 1158 2300; x_wconf 92' lang='grc'><em>4,·</em></span> <span class='ocrx_word' id='word_1_183' title='bbox 1203 2218 1434 2283; x_wconf 78' lang='lat' dir='ltr'><em>titteris</em></span> <span class='ocrx_word' id='word_1_184' title='bbox 1477 2218 2026 2303; x_wconf 75' lang='lat' dir='ltr'><em>praeqrandibus</em></span> <span class='ocrx_word' id='word_1_185' title='bbox 2083 2240 2217 2282; x_wconf 84' lang='lat' dir='ltr'><em>non.</em></span> <span class='ocrx_word' id='word_1_186' title='bbox 2260 2241 2403 2281; x_wconf 87' lang='lat' dir='ltr'><em>una</em></span> 
     </span>
     <span class='ocr_line' id='line_1_23' title="bbox 147 2301 2398 2470; baseline 0 -21"><span class='ocrx_word' id='word_1_187' title='bbox 147 2324 363 2449; x_wconf 40' lang='lat'><em>2255&amp;</em></span> <span class='ocrx_word' id='word_1_188' title='bbox 381 2302 766 2450; x_wconf 49' lang='lat' dir='ltr'><em>..mm</em></span> <span class='ocrx_word' id='word_1_189' title='bbox 781 2304 905 2450; x_wconf 56' lang='lat' dir='ltr'><em>‘&#39;Z-⁶2</em></span> <span class='ocrx_word' id='word_1_190' title='bbox 939 2301 2398 2470; x_wconf 45' lang='grc' dir='ltr'><em>ῗῖἕωεφῖζῗὲἔῗΜΗῇἰῖιῖῗέἶ-ψηῗἱῖηἶνιάἶτῧῗιῖ</em></span> 
     </span>
     <span class='ocr_line' id='line_1_24' title="bbox 147 2433 2396 2554; baseline 0.001 -22"><span class='ocrx_word' id='word_1_191' title='bbox 147 2470 302 2549; x_wconf 85' lang='lat' dir='ltr'><em>mic,</em></span> <span class='ocrx_word' id='word_1_192' title='bbox 386 2433 1216 2533; x_wconf 63' lang='lat' dir='ltr'><em>ibliothecae&#39;Mondcens-is</em></span> <span class='ocrx_word' id='word_1_193' title='bbox 1241 2467 1601 2554; x_wconf 74' lang='lat' dir='ltr'><em>praefecto,</em></span> <span class='ocrx_word' id='word_1_194' title='bbox 1639 2470 2106 2533; x_wconf 82' lang='lat' dir='ltr'><em>humanissime</em></span> <span class='ocrx_word' id='word_1_195' title='bbox 2142 2469 2396 2535; x_wconf 80' lang='lat' dir='ltr'><em>Beroli·</em></span> 
     </span>
     <span class='ocr_line' id='line_1_25' title="bbox 146 2553 2399 2652; baseline 0.001 -37"><span class='ocrx_word' id='word_1_196' title='bbox 146 2574 310 2617; x_wconf 90' lang='lat' dir='ltr'><em>num</em></span> <span class='ocrx_word' id='word_1_197' title='bbox 362 2555 840 2652; x_wconf 37' lang='lat' dir='ltr'><em>’transmissum</em></span> <span class='ocrx_word' id='word_1_198' title='bbox 893 2562 1048 2637; x_wconf 88' lang='lat' dir='ltr'><em>post</em></span> <span class='ocrx_word' id='word_1_199' title='bbox 1117 2553 1606 2617; x_wconf 86' lang='lat' dir='ltr'><em>Bethmannum</em></span> <span class='ocrx_word' id='word_1_200' title='bbox 1680 2562 1737 2615; x_wconf 93' lang='lat' dir='ltr'><em>et</em></span> <span class='ocrx_word' id='word_1_201' title='bbox 1805 2553 1947 2638; x_wconf 90' lang='lat' dir='ltr'><em>ipse</em></span> <span class='ocrx_word' id='word_1_202' title='bbox 2021 2555 2399 2618; x_wconf 82' lang='lat' dir='ltr'><em>accuratius</em></span> 
     </span>
     <span class='ocr_line' id='line_1_26' title="bbox 146 2658 558 2701; baseline -0.002 -1"><span class='ocrx_word' id='word_1_203' title='bbox 146 2658 558 2701; x_wconf 76' lang='lat' dir='ltr'><em>eoeaminavi.</em></span> 
     </span>
    </p>

    <p class='ocr_par' dir='ltr' id='par_1_7' title="bbox 145 2719 2402 3203">
     <span class='ocr_line' id='line_1_27' title="bbox 353 2719 2402 2805; baseline -0 -21"><span class='ocrx_word' id='word_1_204' title='bbox 353 2719 464 2805; x_wconf 85' lang='lat'><em>89)</em></span> <span class='ocrx_word' id='word_1_205' title='bbox 496 2720 545 2783; x_wconf 92' lang='grc' dir='ltr'><em>Ι</em></span> <span class='ocrx_word' id='word_1_206' title='bbox 558 2721 586 2783; x_wconf 98' lang='grc'>1</span> <span class='ocrx_word' id='word_1_207' title='bbox 609 2730 657 2785; x_wconf 77' lang='lat'><em>⁸.</em></span> <span class='ocrx_word' id='word_1_208' title='bbox 708 2720 1255 2786; x_wconf 85' lang='lat' dir='ltr'><em>Monacensis</em></span> <span class='ocrx_word' id='word_1_209' title='bbox 1285 2721 1430 2786; x_wconf 88' lang='lat' dir='ltr'><em>Lat.</em></span> <span class='ocrx_word' id='word_1_210' title='bbox 1473 2722 1601 2785; x_wconf 83' lang='lat' dir='ltr'><em>Nr.</em></span> <span class='ocrx_word' id='word_1_211' title='bbox 1637 2719 1837 2785; x_wconf 83' lang='lat'>18571</span> <span class='ocrx_word' id='word_1_212' title='bbox 1873 2722 1995 2802; x_wconf 89' lang='lat' dir='ltr'><em>(Te</em></span> <span class='ocrx_word' id='word_1_213' title='bbox 2044 2723 2402 2786; x_wconf 88' lang='lat' dir='ltr'><em>ernseensis</em></span> 
     </span>
     <span class='ocr_line' id='line_1_28' title="bbox 145 2803 2401 2890; baseline 0 -22"><span class='ocrx_word' id='word_1_214' title='bbox 145 2804 279 2868; x_wconf 85' lang='lat' dir='ltr'><em>Nr.</em></span> <span class='ocrx_word' id='word_1_215' title='bbox 355 2803 493 2885; x_wconf 85' lang='lat'><em>71),</em></span> <span class='ocrx_word' id='word_1_216' title='bbox 537 2804 792 2869; x_wconf 84' lang='lat' dir='ltr'><em>membr.</em></span> <span class='ocrx_word' id='word_1_217' title='bbox 837 2828 886 2867; x_wconf 89' lang='lat' dir='ltr'><em>s.</em></span> <span class='ocrx_word' id='word_1_218' title='bbox 930 2804 1044 2868; x_wconf 90' lang='lat' dir='ltr'><em>XI.</em></span> <span class='ocrx_word' id='word_1_219' title='bbox 1090 2826 1188 2869; x_wconf 79' lang='lat' dir='ltr'><em>eoe.</em></span> <span class='ocrx_word' id='word_1_220' title='bbox 1237 2805 1574 2869; x_wconf 88' lang='lat' dir='ltr'><em>Historiae</em></span> <span class='ocrx_word' id='word_1_221' title='bbox 1615 2805 1978 2890; x_wconf 75' lang='lat' dir='ltr'><em>Lanqobar</em></span> <span class='ocrx_word' id='word_1_222' title='bbox 2028 2827 2212 2868; x_wconf 90' lang='lat' dir='ltr'><em>orum</em></span> <span class='ocrx_word' id='word_1_223' title='bbox 2260 2804 2401 2869; x_wconf 85' lang='lat' dir='ltr'><em>alia</em></span> 
     </span>
     <span class='ocr_line' id='line_1_29' title="bbox 146 2888 2397 2974; baseline 0 -23"><span class='ocrx_word' id='word_1_224' title='bbox 146 2909 394 2951; x_wconf 89' lang='lat' dir='ltr'><em>manus</em></span> <span class='ocrx_word' id='word_1_225' title='bbox 441 2888 685 2974; x_wconf 80' lang='lat' dir='ltr'><em>adjecit</em></span> <span class='ocrx_word' id='word_1_226' title='bbox 713 2889 1100 2973; x_wconf 77' lang='lat' dir='ltr'><em>passionem</em></span> <span class='ocrx_word' id='word_1_227' title='bbox 1144 2888 1214 2953; x_wconf 78' lang='lat' dir='ltr'><em>S.</em></span> <span class='ocrx_word' id='word_1_228' title='bbox 1268 2888 1561 2961; x_wconf 82' lang='lat' dir='ltr'><em>Quirini.</em></span> <span class='ocrx_word' id='word_1_229' title='bbox 1649 2889 1788 2952; x_wconf 77' lang='lat' dir='ltr'><em>Illa</em></span> <span class='ocrx_word' id='word_1_230' title='bbox 1831 2889 2249 2974; x_wconf 71' lang='lat' dir='ltr'><em>Fris-inqensi</em></span> <span class='ocrx_word' id='word_1_231' title='bbox 2290 2910 2397 2952; x_wconf 75' lang='lat' dir='ltr'><em>eoc-</em></span> 
     </span>
     <span class='ocr_line' id='line_1_30' title="bbox 147 2970 2399 3058; baseline 0 -23"><span class='ocrx_word' id='word_1_232' title='bbox 147 2972 437 3057; x_wconf 86' lang='lat' dir='ltr'><em>emplari</em></span> <span class='ocrx_word' id='word_1_233' title='bbox 487 2971 679 3036; x_wconf 82' lang='lat' dir='ltr'><em>valde</em></span> <span class='ocrx_word' id='word_1_234' title='bbox 739 2970 995 3053; x_wconf 80' lang='lat' dir='ltr'><em>similis,</em></span> <span class='ocrx_word' id='word_1_235' title='bbox 1055 2993 1188 3036; x_wconf 89' lang='lat' dir='ltr'><em>non</em></span> <span class='ocrx_word' id='word_1_236' title='bbox 1245 2984 1457 3039; x_wconf 91' lang='lat' dir='ltr'><em>tamen</em></span> <span class='ocrx_word' id='word_1_237' title='bbox 1518 2995 1598 3036; x_wconf 82' lang='lat' dir='ltr'><em>eoe</em></span> <span class='ocrx_word' id='word_1_238' title='bbox 1654 2973 1823 3058; x_wconf 84' lang='lat' dir='ltr'><em>ipsc,</em></span> <span class='ocrx_word' id='word_1_239' title='bbox 1878 2974 1992 3037; x_wconf 90' lang='lat' dir='ltr'><em>sed</em></span> <span class='ocrx_word' id='word_1_240' title='bbox 2035 2975 2178 3057; x_wconf 83' lang='lat' dir='ltr'><em>ejus</em></span> <span class='ocrx_word' id='word_1_241' title='bbox 2203 2970 2399 3056; x_wconf 88' lang='lat' dir='ltr'><em>fonte</em></span> 
     </span>
     <span class='ocr_line' id='line_1_31' title="bbox 146 3054 2124 3203; baseline -0.001 -84"><span class='ocrx_word' id='word_1_242' title='bbox 146 3078 460 3119; x_wconf 88' lang='lat' dir='ltr'><em>manasse</em></span> <span class='ocrx_word' id='word_1_243' title='bbox 497 3056 770 3120; x_wconf 65' lang='lat' dir='ltr'><em>videtur</em></span> <span class='ocrx_word' id='word_1_244' title='bbox 805 3054 933 3203; x_wconf 54' lang='lat' dir='ltr'><em>ff.</em></span> <span class='ocrx_word' id='word_1_245' title='bbox 969 3060 1365 3141; x_wconf 87' lang='lat' dir='ltr'><em>praesertim</em></span> <span class='ocrx_word' id='word_1_246' title='bbox 1411 3056 1519 3138; x_wconf 91' lang='lat' dir='ltr'><em>IV,</em></span> <span class='ocrx_word' id='word_1_247' title='bbox 1552 3056 1631 3119; x_wconf 82' lang='lat'><em>27</em></span> <span class='ocrx_word' id='word_1_248' title='bbox 1679 3079 1777 3119; x_wconf 79' lang='lat' dir='ltr'><em>eoe.</em></span> <span class='ocrx_word' id='word_1_249' title='bbox 1824 3056 1905 3119; x_wconf 90' lang='grc'><em>28</em></span> <span class='ocrx_word' id='word_1_250' title='bbox 1935 3059 2124 3135; x_wconf 91' lang='lat' dir='ltr'><em>inc.).</em></span> 
     </span>
    </p>

    <p class='ocr_par' dir='ltr' id='par_1_8' title="bbox 147 3138 2397 3392">
     <span class='ocr_line' id='line_1_32' title="bbox 324 3138 2394 3226; baseline -0.001 -23"><span class='ocrx_word' id='word_1_251' title='bbox 324 3138 464 3226; x_wconf 86' lang='lat'>(90)</span> <span class='ocrx_word' id='word_1_252' title='bbox 511 3139 560 3202; x_wconf 93' lang='lat' dir='ltr'><strong><em>I</em></strong></span> <span class='ocrx_word' id='word_1_253' title='bbox 578 3139 718 3202; x_wconf 71' lang='lat'><em>1³*.</em></span> <span class='ocrx_word' id='word_1_254' title='bbox 889 3162 984 3204; x_wconf 92' lang='lat' dir='ltr'><em>on</em></span> <span class='ocrx_word' id='word_1_255' title='bbox 1003 3144 1340 3206; x_wconf 87' lang='lat' dir='ltr'><em>acensis</em></span> <span class='ocrx_word' id='word_1_256' title='bbox 1384 3140 1530 3204; x_wconf 92' lang='lat' dir='ltr'><em>Lat.</em></span> <span class='ocrx_word' id='word_1_257' title='bbox 1585 3140 1711 3204; x_wconf 91' lang='lat' dir='ltr'><em>Nr.</em></span> <span class='ocrx_word' id='word_1_258' title='bbox 1754 3138 1922 3203; x_wconf 87' lang='grc'>4602</span> <span class='ocrx_word' id='word_1_259' title='bbox 1981 3139 2394 3221; x_wconf 90' lang='lat' dir='ltr'><em>(Benedicto-</em></span> 
     </span>
     <span class='ocr_line' id='line_1_33' title="bbox 147 3222 2397 3307; baseline 0 -22"><span class='ocrx_word' id='word_1_260' title='bbox 147 3224 453 3287; x_wconf 82' lang='lat' dir='ltr'><em>buranus</em></span> <span class='ocrx_word' id='word_1_261' title='bbox 495 3224 623 3287; x_wconf 92' lang='lat' dir='ltr'><em>Nr.</em></span> <span class='ocrx_word' id='word_1_262' title='bbox 657 3222 875 3304; x_wconf 80' lang='lat'><em>102³),</em></span> <span class='ocrx_word' id='word_1_263' title='bbox 922 3224 1176 3287; x_wconf 88' lang='lat' dir='ltr'><em>membr.</em></span> <span class='ocrx_word' id='word_1_264' title='bbox 1221 3247 1271 3287; x_wconf 89' lang='lat' dir='ltr'><em>s.</em></span> <span class='ocrx_word' id='word_1_265' title='bbox 1295 3223 1448 3287; x_wconf 90' lang='lat' dir='ltr'><strong><em>XII.</em></strong></span> <span class='ocrx_word' id='word_1_266' title='bbox 1494 3224 1575 3304; x_wconf 92' lang='grc'><em>8.,</em></span> <span class='ocrx_word' id='word_1_267' title='bbox 1621 3245 1699 3286; x_wconf 79' lang='lat' dir='ltr'><em>eoe</em></span> <span class='ocrx_word' id='word_1_268' title='bbox 1747 3224 2210 3307; x_wconf 52' lang='lat' dir='ltr'><em>Teqernseens&gt;i</em></span> <span class='ocrx_word' id='word_1_269' title='bbox 2246 3222 2397 3285; x_wconf 88' lang='lat' dir='ltr'><em>niti-</em></span> 
     </span>
     <span class='ocr_line' id='line_1_34' title="bbox 147 3306 850 3392; baseline -0.003 -21"><span class='ocrx_word' id='word_1_270' title='bbox 147 3306 418 3371; x_wconf 83' lang='lat' dir='ltr'><em>dissime</em></span> <span class='ocrx_word' id='word_1_271' title='bbox 463 3308 850 3392; x_wconf 77' lang='lat' dir='ltr'><em>eoescriptus.</em></span> 
     </span>
    </p>

    <p class='ocr_par' dir='ltr' id='par_1_9' title="bbox 143 3388 2399 3809">
     <span class='ocr_line' id='line_1_35' title="bbox 321 3388 2398 3475; baseline -0 -22"><span class='ocrx_word' id='word_1_272' title='bbox 321 3389 462 3475; x_wconf 89' lang='lat'>(91)</span> <span class='ocrx_word' id='word_1_273' title='bbox 507 3391 677 3454; x_wconf 70' lang='lat'><em>11¹».</em></span> <span class='ocrx_word' id='word_1_274' title='bbox 741 3391 1168 3455; x_wconf 84' lang='lat' dir='ltr'><em>Romanus</em></span> <span class='ocrx_word' id='word_1_275' title='bbox 1224 3388 1865 3455; x_wconf 79' lang='lat' dir='ltr'><em>Vallicellianus</em></span> <span class='ocrx_word' id='word_1_276' title='bbox 1896 3390 1979 3453; x_wconf 91' lang='grc' dir='ltr'><em>Β.</em></span> <span class='ocrx_word' id='word_1_277' title='bbox 2010 3389 2112 3468; x_wconf 87' lang='grc'><em>61,</em></span> <span class='ocrx_word' id='word_1_278' title='bbox 2142 3390 2398 3453; x_wconf 85' lang='lat' dir='ltr'><em>membr.</em></span> 
     </span>
     <span class='ocr_line' id='line_1_36' title="bbox 145 3470 2399 3561; baseline 0 -24"><span class='ocrx_word' id='word_1_279' title='bbox 145 3474 225 3556; x_wconf 94' lang='grc'><em>4,</em></span> <span class='ocrx_word' id='word_1_280' title='bbox 270 3475 445 3537; x_wconf 89' lang='lat' dir='ltr'><em>inter</em></span> <span class='ocrx_word' id='word_1_281' title='bbox 492 3474 634 3539; x_wconf 82' lang='lat' dir='ltr'><em>alia</em></span> <span class='ocrx_word' id='word_1_282' title='bbox 675 3475 880 3539; x_wconf 79' lang='lat' dir='ltr'><em>multa</em></span> <span class='ocrx_word' id='word_1_283' title='bbox 923 3476 1137 3540; x_wconf 87' lang='lat' dir='ltr'><em>variis</em></span> <span class='ocrx_word' id='word_1_284' title='bbox 1179 3475 1574 3561; x_wconf 76' lang='lat' dir='ltr'><em>temporibus</em></span> <span class='ocrx_word' id='word_1_285' title='bbox 1616 3476 1752 3537; x_wconf 84' lang='lat' dir='ltr'><em>scri</em></span> <span class='ocrx_word' id='word_1_286' title='bbox 1802 3482 1870 3537; x_wconf 90' lang='lat' dir='ltr'><em>ta</em></span> <span class='ocrx_word' id='word_1_287' title='bbox 1905 3470 2177 3559; x_wconf 77' lang='lat' dir='ltr'><em>praebet</em></span> <span class='ocrx_word' id='word_1_288' title='bbox 2204 3475 2399 3538; x_wconf 89' lang='lat' dir='ltr'><em>etiam</em></span> 
     </span>
     <span class='ocr_line' id='line_1_37' title="bbox 149 3498 2399 3645; baseline -0.001 -24"><span class='ocrx_word' id='word_1_289' title='bbox 149 3558 520 3626; x_wconf 82' lang='lat' dir='ltr'><em>Historiam</em></span> <span class='ocrx_word' id='word_1_290' title='bbox 549 3558 1161 3644; x_wconf 75' lang='lat' dir='ltr'><em>Lanqobardorum,</em></span> <span class='ocrx_word' id='word_1_291' title='bbox 1191 3560 1265 3623; x_wconf 91' lang='lat' dir='ltr'><em>in</em></span> <span class='ocrx_word' id='word_1_292' title='bbox 1298 3560 1489 3645; x_wconf 83' lang='lat' dir='ltr'><em>cujus</em></span> <span class='ocrx_word' id='word_1_293' title='bbox 1520 3558 1694 3622; x_wconf 80' lang='lat' dir='ltr'><em>calce</em></span> <span class='ocrx_word' id='word_1_294' title='bbox 1724 3498 1997 3644; x_wconf 50' lang='lat' dir='ltr'><em>lgqitur:</em></span> <span class='ocrx_word' id='word_1_295' title='bbox 2042 3556 2399 3642; x_wconf 84' lang='lat' dir='ltr'><em>Exemplar</em></span> 
     </span>
     <span class='ocr_line' id='line_1_38' title="bbox 143 3640 2396 3727; baseline -0 -23"><span class='ocrx_word' id='word_1_296' title='bbox 143 3642 370 3705; x_wconf 85' lang='lat' dir='ltr'><em>inveni</em></span> <span class='ocrx_word' id='word_1_297' title='bbox 419 3643 487 3705; x_wconf 91' lang='lat' dir='ltr'><em>in</em></span> <span class='ocrx_word' id='word_1_298' title='bbox 540 3640 928 3707; x_wconf 84' lang='lat' dir='ltr'><em>bibliotheca</em></span> <span class='ocrx_word' id='word_1_299' title='bbox 968 3640 1261 3727; x_wconf 67' lang='lat' dir='ltr'><em>Ecclesie</em></span> <span class='ocrx_word' id='word_1_300' title='bbox 1304 3641 1776 3724; x_wconf 81' lang='lat' dir='ltr'><em>Brixinensis⁴,</em></span> <span class='ocrx_word' id='word_1_301' title='bbox 1833 3642 2012 3705; x_wconf 82' lang='lat' dir='ltr'><em>cuius</em></span> <span class='ocrx_word' id='word_1_302' title='bbox 2056 3642 2396 3726; x_wconf 79' lang='lat' dir='ltr'><em>episcopus</em></span> 
     </span>
     <span class='ocr_line' id='line_1_39' title="bbox 143 3723 2389 3809; baseline 0 -20"><span class='ocrx_word' id='word_1_303' title='bbox 143 3733 244 3789; x_wconf 86' lang='lat' dir='ltr'><em>est</em></span> <span class='ocrx_word' id='word_1_304' title='bbox 301 3724 872 3791; x_wconf 82' lang='lat' dir='ltr'><em>reverendissimus</em></span> <span class='ocrx_word' id='word_1_305' title='bbox 927 3724 1224 3789; x_wconf 85' lang='lat' dir='ltr'><em>dominus</em></span> <span class='ocrx_word' id='word_1_306' title='bbox 1280 3747 1460 3790; x_wconf 83' lang='lat' dir='ltr'><em>meus</em></span> <span class='ocrx_word' id='word_1_307' title='bbox 1516 3724 1577 3789; x_wconf 84' lang='lat' dir='ltr'><em>d.</em></span> <span class='ocrx_word' id='word_1_308' title='bbox 1623 3723 1929 3789; x_wconf 83' lang='lat' dir='ltr'><em>Nicolaus</em></span> <span class='ocrx_word' id='word_1_309' title='bbox 1973 3724 2053 3789; x_wconf 82' lang='lat' dir='ltr'><em>de</em></span> <span class='ocrx_word' id='word_1_310' title='bbox 2102 3724 2279 3809; x_wconf 76' lang='lat' dir='ltr'><em>Oussa</em></span> <span class='ocrx_word' id='word_1_311' title='bbox 2320 3733 2389 3789; x_wconf 85' lang='lat' dir='ltr'><em>tt.</em></span> 
     </span>
    </p>
   </div>
   <div class='ocr_carea' id='block_1_3' title="bbox 129 3894 2398 4403">
    <p class='ocr_par' dir='ltr' id='par_1_10' title="bbox 129 3894 2398 4403">
     <span class='ocr_line' id='line_1_40' title="bbox 149 3894 2393 3965; baseline 0.001 -19"><span class='ocrx_word' id='word_1_312' title='bbox 149 3896 209 3963; x_wconf 86' lang='lat'><em>1)</em></span> <span class='ocrx_word' id='word_1_313' title='bbox 248 3895 434 3949; x_wconf 85' lang='lat' dir='ltr'><em>Primo</em></span> <span class='ocrx_word' id='word_1_314' title='bbox 473 3897 664 3965; x_wconf 73' lang='lat' dir='ltr'><em>leqitwr</em></span> <span class='ocrx_word' id='word_1_315' title='bbox 685 3894 858 3963; x_wconf 81' lang='lat' dir='ltr'><em>folio:</em></span> <span class='ocrx_word' id='word_1_316' title='bbox 899 3896 1062 3949; x_wconf 81' lang='lat' dir='ltr'><em>Orate</em></span> <span class='ocrx_word' id='word_1_317' title='bbox 1101 3914 1196 3965; x_wconf 83' lang='lat' dir='ltr'><em>pro</em></span> <span class='ocrx_word' id='word_1_318' title='bbox 1253 3900 1432 3950; x_wconf 82' lang='lat' dir='ltr'><em>anima</em></span> <span class='ocrx_word' id='word_1_319' title='bbox 1469 3911 1579 3949; x_wconf 84' lang='lat' dir='ltr'><em>rev.</em></span> <span class='ocrx_word' id='word_1_320' title='bbox 1618 3900 1676 3949; x_wconf 89' lang='lat' dir='ltr'><em>in</em></span> <span class='ocrx_word' id='word_1_321' title='bbox 1716 3898 1925 3950; x_wconf 82' lang='lat' dir='ltr'><em>Christo</em></span> <span class='ocrx_word' id='word_1_322' title='bbox 1974 3899 2142 3965; x_wconf 80' lang='lat' dir='ltr'><em>patris</em></span> <span class='ocrx_word' id='word_1_323' title='bbox 2195 3914 2260 3948; x_wconf 83' lang='lat' dir='ltr'><em>ac</em></span> <span class='ocrx_word' id='word_1_324' title='bbox 2302 3898 2393 3949; x_wconf 83' lang='lat' dir='ltr'><em>do-</em></span> 
     </span>
     <span class='ocr_line' id='line_1_41' title="bbox 146 3964 2395 4039; baseline 0.001 -19"><span class='ocrx_word' id='word_1_325' title='bbox 146 3970 282 4020; x_wconf 86' lang='lat' dir='ltr'><em>mini</em></span> <span class='ocrx_word' id='word_1_326' title='bbox 320 3964 446 4022; x_wconf 69' lang='lat' dir='ltr'><em>RiEf</em></span> <span class='ocrx_word' id='word_1_327' title='bbox 479 3972 616 4032; x_wconf 85' lang='lat' dir='ltr'><em>Fox,</em></span> <span class='ocrx_word' id='word_1_328' title='bbox 655 3970 780 4021; x_wconf 82' lang='lat' dir='ltr'><em>olim</em></span> <span class='ocrx_word' id='word_1_329' title='bbox 820 3971 1061 4023; x_wconf 80' lang='lat' dir='ltr'><em>Winton.</em></span> <span class='ocrx_word' id='word_1_330' title='bbox 1106 3974 1360 4039; x_wconf 80' lang='lat' dir='ltr'><em>episcopi,</em></span> <span class='ocrx_word' id='word_1_331' title='bbox 1422 3970 1640 4037; x_wconf 83' lang='lat' dir='ltr'><em>collegii</em></span> <span class='ocrx_word' id='word_1_332' title='bbox 1679 3972 1929 4038; x_wconf 83' lang='lat' dir='ltr'><em>Corporis</em></span> <span class='ocrx_word' id='word_1_333' title='bbox 1971 3971 2167 4022; x_wconf 82' lang='lat' dir='ltr'><em>Christi</em></span> <span class='ocrx_word' id='word_1_334' title='bbox 2206 3970 2395 4022; x_wconf 83' lang='lat' dir='ltr'><em>funda·</em></span> 
     </span>
     <span class='ocr_line' id='line_1_42' title="bbox 143 4043 2398 4110; baseline 0.001 -17"><span class='ocrx_word' id='word_1_335' title='bbox 143 4045 298 4107; x_wconf 82' lang='lat' dir='ltr'><em>toris,</em></span> <span class='ocrx_word' id='word_1_336' title='bbox 340 4045 434 4110; x_wconf 87' lang='lat' dir='ltr'><em>qui</em></span> <span class='ocrx_word' id='word_1_337' title='bbox 469 4044 612 4095; x_wconf 87' lang='lat' dir='ltr'><em>hunc</em></span> <span class='ocrx_word' id='word_1_338' title='bbox 649 4043 843 4095; x_wconf 86' lang='lat' dir='ltr'><em>librum</em></span> <span class='ocrx_word' id='word_1_339' title='bbox 895 4044 1047 4095; x_wconf 80' lang='lat' dir='ltr'><em>dedit</em></span> <span class='ocrx_word' id='word_1_340' title='bbox 1101 4044 1294 4095; x_wconf 85' lang='lat' dir='ltr'><em>eidem.</em></span> <span class='ocrx_word' id='word_1_341' title='bbox 1447 4044 1503 4109; x_wconf 86' lang='grc'><em>2)</em></span> <span class='ocrx_word' id='word_1_342' title='bbox 1544 4044 1615 4095; x_wconf 81' lang='lat' dir='ltr'><em>Id</em></span> <span class='ocrx_word' id='word_1_343' title='bbox 1661 4045 1962 4096; x_wconf 86' lang='lat' dir='ltr'><em>Bethmann</em></span> <span class='ocrx_word' id='word_1_344' title='bbox 2014 4043 2213 4107; x_wconf 83' lang='lat' dir='ltr'><em>statuit,</em></span> <span class='ocrx_word' id='word_1_345' title='bbox 2266 4043 2398 4110; x_wconf 84' lang='lat' dir='ltr'><em>quia</em></span> 
     </span>
     <span class='ocr_line' id='line_1_43' title="bbox 144 4114 2395 4185; baseline 0.001 -19"><span class='ocrx_word' id='word_1_346' title='bbox 144 4114 216 4165; x_wconf 80' lang='lat' dir='ltr'><em>H</em></span> <span class='ocrx_word' id='word_1_347' title='bbox 249 4118 330 4181; x_wconf 74' lang='lat'><em>5²¹,</em></span> <span class='ocrx_word' id='word_1_348' title='bbox 371 4116 466 4182; x_wconf 80' lang='lat' dir='ltr'><em>qui</em></span> <span class='ocrx_word' id='word_1_349' title='bbox 501 4134 663 4183; x_wconf 80' lang='lat' dir='ltr'><em>quam</em></span> <span class='ocrx_word' id='word_1_350' title='bbox 691 4115 938 4182; x_wconf 76' lang='lat' dir='ltr'><em>proxime</em></span> <span class='ocrx_word' id='word_1_351' title='bbox 979 4117 1052 4167; x_wconf 88' lang='lat' dir='ltr'><em>ad</em></span> <span class='ocrx_word' id='word_1_352' title='bbox 1087 4116 1154 4167; x_wconf 89' lang='lat' dir='ltr'><em>H</em></span> <span class='ocrx_word' id='word_1_353' title='bbox 1184 4118 1216 4167; x_wconf 82' lang='lat'>5</span> <span class='ocrx_word' id='word_1_354' title='bbox 1271 4117 1487 4181; x_wconf 84' lang='lat' dir='ltr'><em>accedit,</em></span> <span class='ocrx_word' id='word_1_355' title='bbox 1530 4134 1597 4168; x_wconf 76' lang='lat' dir='ltr'><em>ex</em></span> <span class='ocrx_word' id='word_1_356' title='bbox 1648 4118 1804 4185; x_wconf 67' lang='lat' dir='ltr'><em>hujus</em></span> <span class='ocrx_word' id='word_1_357' title='bbox 1856 4115 2166 4169; x_wconf 86' lang='lat' dir='ltr'><em>monasterii</em></span> <span class='ocrx_word' id='word_1_358' title='bbox 2220 4115 2395 4169; x_wconf 85' lang='lat' dir='ltr'><em>codice</em></span> 
     </span>
     <span class='ocr_line' id='line_1_44' title="bbox 147 4189 2395 4257; baseline 0 -16"><span class='ocrx_word' id='word_1_359' title='bbox 147 4194 226 4241; x_wconf 80' lang='lat' dir='ltr'><em>est</em></span> <span class='ocrx_word' id='word_1_360' title='bbox 265 4189 584 4255; x_wconf 78' lang='lat' dir='ltr'><em>descriptus.</em></span> <span class='ocrx_word' id='word_1_361' title='bbox 686 4189 744 4255; x_wconf 79' lang='lat'><em>3)</em></span> <span class='ocrx_word' id='word_1_362' title='bbox 785 4189 946 4241; x_wconf 88' lang='lat' dir='ltr'><em>Hunc</em></span> <span class='ocrx_word' id='word_1_363' title='bbox 984 4196 1213 4241; x_wconf 84' lang='lat' dir='ltr'><em>recenset</em></span> <span class='ocrx_word' id='word_1_364' title='bbox 1250 4190 1372 4253; x_wconf 77' lang='lat' dir='ltr'><em>Pez,</em></span> <span class='ocrx_word' id='word_1_365' title='bbox 1421 4190 1575 4243; x_wconf 86' lang='lat' dir='ltr'><em>Thes.</em></span> <span class='ocrx_word' id='word_1_366' title='bbox 1616 4190 1731 4254; x_wconf 91' lang='lat' dir='ltr'><em>III,</em></span> <span class='ocrx_word' id='word_1_367' title='bbox 1772 4192 1825 4254; x_wconf 83' lang='lat'><em>3,</em></span> <span class='ocrx_word' id='word_1_368' title='bbox 1853 4207 1916 4257; x_wconf 83' lang='lat' dir='ltr'><em>p.</em></span> <span class='ocrx_word' id='word_1_369' title='bbox 1957 4190 2081 4242; x_wconf 79' lang='lat'><em>627.</em></span> <span class='ocrx_word' id='word_1_370' title='bbox 2194 4190 2252 4253; x_wconf 88' lang='lat'><em>4)</em></span> <span class='ocrx_word' id='word_1_371' title='bbox 2288 4189 2395 4241; x_wconf 86' lang='lat' dir='ltr'><em>Hic</em></span> 
     </span>
     <span class='ocr_line' id='line_1_45' title="bbox 129 4261 2395 4329; baseline 0 -16"><span class='ocrx_word' id='word_1_372' title='bbox 129 4262 380 4327; x_wconf 82' lang='lat' dir='ltr'><em>fortasse</em></span> <span class='ocrx_word' id='word_1_373' title='bbox 416 4263 483 4313; x_wconf 85' lang='lat' dir='ltr'><em>iis</em></span> <span class='ocrx_word' id='word_1_374' title='bbox 523 4280 710 4313; x_wconf 87' lang='lat' dir='ltr'><em>ansam</em></span> <span class='ocrx_word' id='word_1_375' title='bbox 757 4262 902 4315; x_wconf 83' lang='lat' dir='ltr'><em>dedit</em></span> <span class='ocrx_word' id='word_1_376' title='bbox 939 4278 1076 4329; x_wconf 81' lang='lat' dir='ltr'><em>quae</em></span> <span class='ocrx_word' id='word_1_377' title='bbox 1126 4262 1191 4316; x_wconf 88' lang='lat' dir='ltr'><em>de</em></span> <span class='ocrx_word' id='word_1_378' title='bbox 1243 4264 1416 4316; x_wconf 89' lang='lat' dir='ltr'><em>codice</em></span> <span class='ocrx_word' id='word_1_379' title='bbox 1457 4261 1693 4316; x_wconf 84' lang='lat' dir='ltr'><em>Secundi</em></span> <span class='ocrx_word' id='word_1_380' title='bbox 1728 4262 2041 4315; x_wconf 80' lang='lat' dir='ltr'><em>Brixinensi</em></span> <span class='ocrx_word' id='word_1_381' title='bbox 2076 4263 2366 4313; x_wconf 81' lang='lat' dir='ltr'><em>traduntur</em></span> <span class='ocrx_word' id='word_1_382' title='bbox 2376 4277 2395 4323; x_wconf 83' lang='lat'><em>,·</em></span> 
     </span>
     <span class='ocr_line' id='line_1_46' title="bbox 142 4337 792 4403; baseline 0.002 -17"><span class='ocrx_word' id='word_1_383' title='bbox 142 4352 199 4386; x_wconf 83' lang='lat' dir='ltr'><em>v.</em></span> <span class='ocrx_word' id='word_1_384' title='bbox 239 4352 413 4403; x_wconf 80' lang='lat' dir='ltr'><em>supra</em></span> <span class='ocrx_word' id='word_1_385' title='bbox 440 4352 502 4403; x_wconf 78' lang='lat' dir='ltr'><em>p.</em></span> <span class='ocrx_word' id='word_1_386' title='bbox 540 4337 604 4386; x_wconf 84' lang='lat'><em>19</em></span> <span class='ocrx_word' id='word_1_387' title='bbox 643 4352 701 4387; x_wconf 85' lang='lat' dir='ltr'><em>n.</em></span> <span class='ocrx_word' id='word_1_388' title='bbox 743 4337 792 4387; x_wconf 92' lang='lat'><em>1.</em></span> 
     </span>
    </p>
   </div>
  </div>
 </body>
</html>
