2984 4917
557 398 629 447 24
1014 395 1232 447 PAULI
1272 394 1624 448 HISTORIA
1662 394 2335 448 LANGOBARDORUM.

545 566 836 651 propius
867 564 958 629 ad
990 564 1414 651 archetypum
1439 564 1742 629 accedere
1765 564 2040 629 videtur.
2088 562 2509 629 Correcturae
2533 586 2582 628 s.
2606 564 2802 629 XIII.

555 648 780 714 illatae
823 669 958 712 non
998 668 1284 733 maynae
1325 655 1480 711 sunt
1526 648 1956 713 auctoritatis.
2024 647 2301 713 'Librum
2331 670 2475 713 cum
2505 648 2806 715 Murato-

556 735 650 799 rii
679 730 960 881 eZitiZne
989 754 1188 879 ollulam
1217 732 1715 879 acgtltgatissime
1742 734 2152 817 comparavit
2181 731 2237 795 b.
2268 754 2352 795 m.
2377 731 2457 795 G.
2482 732 2569 801 H.
2589 731 2805 797 Pertz.

643 861 661 879 .
768 838 840 880 rc
886 837 952 879 w
1237 860 1253 878 .
1425 860 1442 877 .

562 816 651 903 ογ
726 898 824 986 (4)
869 898 1056 963 Α*2.
1123 836 1232 963 'Vp
1296 900 1600 963 icanus
1642 896 1766 962 Nr.
1810 898 1996 981 3852,
2043 898 2196 963 olim
2230 898 2531 983 fortasse
2575 896 2647 965 S.
2680 898 2806 965 Co-

554 983 807 1048 lumbae
897 1003 1053 1067 rope
1091 982 1401 1047 Viennam
1417 993 1459 1065 ¹,
1506 983 1698 1069 cujus
1730 990 1920 1047 carta
1946 985 2021 1048 in
2051 983 2269 1048 codice
2296 982 2572 1069 ligando
2589 1005 2807 1067 prae-

539 1066 716 1148 fixa,
747 1088 798 1135 s.
829 1004 941 1131 pX.
971 1067 1053 1148 4.‚
1101 1089 1241 1130 una
1270 1090 1476 1132 manu
1516 1076 1853 1145 exaratus,
1876 1067 2273 1153 fraymenta
2310 1076 2565 1132 tantum
2600 1089 2808 1151 prae-

556 1150 672 1232 bet,
727 1148 916 1214 nulla
967 1148 1282 1215 librorum
1333 1150 1432 1214 vel
1483 1152 1773 1235 capitum
1826 1152 2239 1217 distinctione
2280 1160 2560 1217 servata.
2646 1151 2809 1216 Lec-

554 1236 781 1382 thes,
827 1243 896 1297 ut
925 1234 1298 1299 Bethmann
1326 1243 1490 1299 recte
1505 1235 1865 1320 judicavit,
1908 1238 2233 1322 eqreyias,
2276 1237 2420 1319 ipse
2448 1235 2811 1321 diliqenter

636 1319 768 1383 scri
816 1320 919 1382 sit.

725 1340 825 1487 (ἔ)
871 1400 933 1464 Α
962 1400 1065 1465 2⁸.
1167 1401 1625 1466 Vaticanus
1666 1403 1793 1465 Nr.
1841 1400 2023 1481 1983,
2084 1403 2341 1467 membr.
2382 1424 2432 1465 s.
2471 1402 2612 1467 XV.
2635 1402 2805 1486 fol„

556 1508 741 1572 quem
783 1508 864 1549 eoe
907 1485 970 1549 A
1004 1485 1045 1550 2
1088 1485 1482 1570 descriptum
1541 1507 1672 1550 esse
1720 1494 1965 1551 monuit
2009 1484 2087 1551 G.
2132 1486 2216 1553 H.
2261 1487 2465 1549 Pertz.
2552 1486 2807 1552 Eodem

554 1569 878 1635 volumine
919 1569 1122 1634 Pauli
1165 1571 1448 1635 historia
1489 1570 1799 1635 Romana
1842 1579 1900 1633 et
1941 1570 2205 1636 Aretini
2258 1570 2605 1655 descriptio
2651 1570 2809 1637 belli

558 1652 818 1718 Gothici
859 1654 1292 1718 continentur.
1449 1687 1455 1693 ·

753 1737 820 1817 6)
852 1739 911 1799 Α
935 1737 1038 1800 2¹³.
1127 1738 1589 1801 Vaticanus
1630 1735 2235 1802 Ottobonianus
2263 1738 2389 1801 Nr.
2412 1737 2558 1819 941,
2589 1738 2805 1803 chart.

555 1844 604 1884 s.
650 1822 717 1885 Χ
807 1820 863 1901 Ι,
907 1822 1131 1886 itidem
1174 1843 1254 1883 eoe
1297 1820 1360 1883 A
1396 1820 1436 1883 2
1480 1821 1866 1905 descriptus.

725 1905 789 1994 (7
866 1903 1057 1969 A*3.
1151 1903 1363 1969 Codeae
1417 1907 1803 1969 monasterii
1854 1904 1925 1971 S.
1970 1904 2417 1986 Dominici,
2474 1904 2810 1971 Palatii

552 1989 628 2052 in
658 1988 772 2053 Da
800 1986 1024 2053 matia'
1047 1986 1440 2073 (Spalatro)
1487 1990 1841 2070 constituti,
1886 1989 2037 2053 olim
2079 1989 2555 2074 Forojuliensis
2587 1988 2806 2072 (Civi-

550 2075 852 2153 tatensis)
870 2084 914 2153 ²,
965 2096 1006 2137 a
1049 2072 1461 2138 Bethmanno
1504 2075 1579 2138 in
1622 2072 1785 2138 villa
1829 2074 2077 2138 comitis
2119 2071 2487 2137 Strassoldi
2511 2073 2809 2140 Jeanniz

540 2179 756 2242 prope
799 2158 1068 2221 Utinum
1100 2180 1162 2221 a.
1198 2155 1378 2221 1851.
1423 2158 1625 2239 visus,
1668 2166 1725 2221 et
1770 2157 1850 2221 ab
1894 2159 2042 2241 ipso
2084 2159 2185 2221 ita
2213 2158 2615 2245 descriptus:
2662 2156 2811 2223 ‘Co-

549 2240 677 2305 dex
717 2241 971 2306 membr.
996 2241 1268 2326 formae
1313 2242 1710 2326 quadratae,
1753 2262 1919 2305 saec.
1950 2241 2030 2305 X.
2059 2241 2151 2305 in.
2184 2264 2228 2305 a
2257 2242 2467 2306 tribus
2496 2240 2807 2306 librariis

550 2336 900 2407 exaratus,
955 2328 1187 2410 optime
1245 2334 1705 2406 conservatus,
1766 2326 1863 2390 nil
1918 2327 2057 2389 nisi
2112 2325 2483 2389 Historiam
2538 2325 2810 2411 Lanqo-

550 2408 906 2473 bardorum
935 2413 1235 2474 continet.
1317 2410 1553 2473 Vocum
1582 2409 1821 2475 divisio
1852 2408 2203 2473 admodum
2230 2431 2509 2491 manca,·
2539 2413 2811 2475 numeri

551 2494 841 2576 capitum
893 2495 1192 2578 marqini
1246 2493 1577 2576 impositi;
1630 2492 1881 2557 litterae
1938 2491 2233 2557 initiales
2271 2495 2491 2577 pictae
2534 2493 2805 2559 nullae’.

556 2574 724 2640 Cum·
755 2598 906 2640 vero
949 2598 1029 2641 eoe
1075 2576 1152 2637 17
1199 2584 1449 2639 tantum
1516 2576 1672 2641 libri
1715 2576 1769 2639 I.
1814 2577 2141 2659 capitibus
2198 2576 2498 2641 lectiones
2542 2587 2813 2643 enotare

540 2670 794 2743 posset,
845 2660 1314 2725 recurrendum
1358 2668 1503 2724 erat
1548 2660 1637 2725 ad
1680 2659 2084 2725 collationem
2126 2662 2299 2725 inter
2340 2662 2615 2726 schedas
2660 2662 2806 2726 Do-

548 2745 781 2808 minici
809 2744 889 2808 de
916 2743 1162 2808 Rubeis
1191 2746 1266 2807 in
1303 2743 1681 2809 bibliotheca
1712 2746 2074 2809 Marciana
2119 2745 2413 2826 Venetiis,
2441 2745 2549 2808 XI
2562 2746 2620 2825 V,
2656 2745 2807 2828 153,

551 2837 972 2909 asservatam,
1017 2830 1208 2913 cujus
1300 2837 1505 2892 artem
1550 2838 1698 2893 ante
1752 2828 1985 2893 multos
2038 2851 2252 2893 annos
2293 2830 2348 2893 b.
2392 2852 2474 2892 m.
2518 2829 2807 2895 Bluhme

551 2910 672 2997 (cf.
708 2912 908 2976 Arch.
955 2912 1018 2995 V,
1043 2934 1116 2995 p.
1149 2911 1226 2975 61
1306 2960 1323 2991 ,
1358 2921 1625 2996 partem
1670 2934 1885 2997 nuper
1935 2913 1999 2977 V.
2050 2910 2142 2977 ΟΖ.
2188 2912 2428 2995 Heller,
2468 2916 2603 2979 inte
2650 2936 2805 2978 ram

546 3016 696 3060 vero
757 2994 822 3059 V.
883 2994 974 3061 Ol.
1027 2996 1178 3061 Joh.
1287 2995 1513 3076 eludo,
1569 2996 1984 3061 bibliothecae
2031 2997 2451 3082 praefectus,
2521 2998 2807 3083 d'iyen-

547 3081 790 3144 tissime
847 3080 1199 3164 exscripsit
1257 3079 1566 3164 nobisque
1632 3079 1923 3145 benevole
1985 3084 2370 3146 transmisit.
2491 3082 2599 3145 Εω
2705 3104 2803 3145 ua

536 3173 741 3247 patet,
787 3165 1068 3230 codicem
1100 3166 1409 3248 promime
1455 3164 1547 3228 ad
1589 3164 1652 3228 A
1680 3164 1721 3228 3
1768 3165 2067 3229 accedere
2111 3164 2229 3249 (cf.
2276 3187 2325 3229 e.
2368 3188 2469 3251 qr.
2527 3165 2588 3245 V,
2633 3104 2717 3229 2{
2769 3189 2799 3247 ,·

547 3270 1043 3333 nonnumquam
1096 3270 1239 3312 cum
1286 3248 1348 3310 A
1387 3247 1428 3311 2
1471 3247 1571 3313 vel
1614 3248 1673 3311 A
1715 3248 1757 3313 5
1801 3250 2133 3330 convenit,·
2188 3271 2323 3312 non
2366 3270 2526 3314 raro
2570 3272 2801 3314 veram

547 3331 888 3415 confirmat
928 3332 1279 3397 lectionem.
1786 3358 1791 3363 ·

550 3547 606 3613 1)
643 3547 729 3599 De
767 3564 870 3613 quo
909 3547 1174 3599 volumine
1226 3548 1355 3599 haec
1391 3547 1696 3599 Bethmann
1735 3546 1967 3599 monuit.-
2024 3544 2387 3598 ‘O'ontinentwt¹
2422 3542 2610 3599 Bedae
2646 3548 2799 3599 chro-

541 3618 725 3684 πίσσης
765 3620 899 3671 Item
937 3638 1001 3673 ex
1038 3620 1185 3672 libris
1221 3619 1388 3671 Pauli
1432 3619 1635 3681 Orosii;
1701 3619 1834 3671 Item
1900 3637 1963 3672 ecc
2001 3618 2149 3671 libris
2199 3620 2477 3688 cujusdam
2513 3619 2679 3672 Pauli
2714 3619 2800 3673 hi-

543 3690 724 3744 storici
755 3692 923 3761 yentis
947 3693 1457 3762 Loenqobardorum5
1509 3691 1711 3745 Volusii
1736 3691 1972 3746 Meciani
2014 3690 2331 3756 distributio,
2370 3690 2493 3745 item
2530 3693 2795 3745 vocabula

547 3782 609 3816 ac
645 3774 800 3818 notae
845 3765 1083 3833 partium
1118 3765 1179 3818 in
1229 3766 1384 3819 rebus
1425 3764 1761 3833 pecuniariis
1800 3768 2043 3832 pondere
2095 3782 2313 3817 numero
2362 3783 2647 3827 mensura,·
2703 3766 2793 3819 De

545 3837 715 3889 variis
752 3840 1025 3893 vocabulis
1035 3857 1053 3903 ‚-
1092 3840 1182 3893 Ex
1209 3841 1342 3893 libro
1377 3838 1725 3900 Tertulliani,-
1762 3838 1847 3891 De
1882 3838 2128 3908 gemmi85
2164 3838 2250 3891 De
2274 3837 2441 3906 signis
2457 3840 2795 3905 ponderum,-

543 3910 733 3964 Sancti
774 3912 950 3966 Vaede
992 3913 1115 3978 (sic)
1152 3914 1244 3980 pb.
1270 3930 1338 3966 ea>
1374 3910 1507 3966 libro
1558 3911 1997 3979 explanationum
2044 3912 2271 3964 secundo
2308 3910 2367 3963 in
2422 3910 2759 3965 Samuhelem
2772 3931 2797 3975 ‚-

543 3984 678 4037 Item
728 3987 961 4055 ejusdem
1009 3988 1076 4039 de
1123 3986 1337 4039 naturis
1394 3984 1668 4053 tapidum’.
1756 3985 1987 4053 Reliqua
2035 3985 2102 4037 ab
2154 3986 2267 4037 alia
2317 4002 2483 4036 manu
2530 3994 2670 4050 sunt,
2726 4003 2797 4039 cx

541 4057 858 4126 Hieronymi
893 4061 1136 4125 operibus
1158 4060 1418 4113 desumta.
1584 4056 1643 4126 2)
1697 4059 1756 4113 V.
1810 4056 2160 4122 Valentinelli,
2198 4057 2339 4110 Bibl.
2390 4074 2661 4110 manuscr.
2716 4060 2793 4111 ad

543 4130 604 4183 S.
657 4132 830 4185 Marc.
896 4132 988 4196 VI,
1035 4151 1100 4199 p.
1155 4134 1290 4184 149.-
1343 4131 1541 4185 ‘Codex
1598 4130 1933 4185 Civitatensis
1986 4130 2321 4184 bibliothecae
2366 4129 2677 4183 monasterii
2730 4130 2789 4183 S,

543 4203 814 4257 Dominici
851 4206 1002 4273 apud
1040 4204 1098 4258 S.
1138 4204 1493 4259 Laurentium
1526 4204 1865 4258 Venetiarum
1890 4206 1984 4257 hoc
2022 4206 2231 4257 saeculo
2256 4202 2426 4266 cessi&
2447 4205 2577 4271 fato
2616 4212 2793 4259 tamen

547 4277 696 4329 nobis
714 4280 939 4331 adverso
965 4287 1088 4331 ante
1124 4277 1562 4332 monasteriorum
1582 4276 1975 4347 abrogationem
2002 4296 2051 4331 a.
2088 4280 2245 4330 1867.
2280 4276 2503 4330 Venetiis
2535 4278 2797 4343 habitam,

544 4349 817 4403 Palatium
855 4350 1164 4405 Dalmatiae
1204 4353 1278 4404 ad
1314 4352 1543 4420 ejusdem
1581 4351 1785 4404 ordinis
1820 4349 2198 4405 monasterium
2233 4353 2527 4404 translatus
2564 4350 2674 4405 est'.
