2984 4917
635 414 855 465 PAULI
895 409 1246 467 HISTORIA
1282 415 1726 468 LANGOBARD
1734 416 1955 468 ORUM.
2348 420 2419 468 33

172 605 255 647 ea
300 582 696 665 praesertim
761 604 928 666 quae
993 582 1084 646 ad
1149 584 1492 647 historiam
1552 583 2048 648 ecclesiasticam
2106 593 2417 667 spectant.

193 665 260 733 V.
309 663 405 731 Ol.
447 663 648 728 Pauli
690 666 862 729 hanc
905 667 1046 750 eju-s
1089 667 1391 731 notitiam
1435 667 1634 731 dedit.

353 747 512 814 Cum
552 749 620 811 E
659 748 986 833 affinitate
1028 752 1318 836 quadam
1359 760 1517 815 sunt
1559 750 1889 837 conjuncti
1931 750 2179 815 codices
2222 751 2295 814 F.
2336 749 2417 832 G,

172 833 467 897 omnium
510 834 626 917 qui
667 842 926 897 exstant
948 832 1102 917 fere
1149 836 1294 899 anti
1337 837 1619 915 uissimi,
1664 836 1779 899 sed
1824 858 1866 898 a
1908 837 2195 919 qe-nuino
2240 844 2417 898 textu

170 918 270 979 ita
299 917 682 998 recedentes,
728 926 799 979 ut
843 918 959 981 hoc
989 919 1243 983 demum
1313 940 1422 983 oco
1453 942 1557 983 eos
1600 940 1927 983 recensere
1963 918 2175 981 liceat.
2262 918 2419 983 Non

172 1000 382 1064 solum
411 999 616 1065 Pauli
655 1002 960 1065 carmina
992 1002 1048 1082 Ι,
1079 1004 1181 1083 26,
1227 1002 1342 1066 sed
1383 1004 1579 1066 etiam
1610 1002 1802 1066 aliud
1830 1002 1920 1082 II,
1956 1000 2053 1064 13.
2100 1003 2416 1083 omittunt,

157 1092 516 1167 praeterea
557 1106 691 1148 non
785 1108 984 1150 aucos
1027 1085 1198 1149 locos
1249 1087 1552 1167 minores,
1595 1088 1993 1169 praesertim
2035 1107 2141 1150 eos
2225 1087 2301 1150 ui
2342 1086 2417 1150 in

170 1167 508 1232 codicibus
544 1166 601 1232 G
619 1175 677 1230 et
704 1107 778 1230 ἔ
803 1168 1178 1253 corruptela
1207 1171 1499 1255 quadam
1526 1170 1832 1234 laborant
1843 1191 1869 1250 ,·
1915 1170 1997 1251 cf.
2021 1169 2110 1234 N.
2200 1170 2336 1237 rch.
2360 1170 2416 1249 I,

162 1275 234 1336 p.
259 1250 406 1315 551.
492 1250 626 1317 Sed
671 1260 728 1315 et
769 1253 866 1315 ita
907 1254 1161 1317 mendis
1205 1264 1466 1335 scatent,
1514 1276 1681 1339 quae
1714 1256 1972 1338 partim
2012 1254 2284 1317 incuria
2320 1254 2419 1317 vel

165 1336 560 1421 iqnorantia
609 1337 1004 1420 scriptorum
1044 1346 1209 1401 nata
1251 1348 1424 1418 sunt,
1458 1340 1713 1422 partim
1759 1360 1907 1402 vero
1953 1358 2033 1401 ecc
2076 1340 2417 1401 vetustiore

166 1418 538 1503 eaeemplari
591 1428 845 1503 recepta
889 1443 1020 1485 esse
1065 1422 1309 1502 debent,
1366 1424 1612 1507 quippe
1659 1444 1827 1507 quae
1872 1428 1930 1483 et
1982 1420 2162 1500 alibi,
2224 1430 2417 1504 atque

167 1505 370 1567 etiam
418 1503 492 1566 in
515 1504 666 1588 ipso
708 1504 923 1568 codice
959 1506 1637 1589 rescriptoAsisiensi
1677 1506 2119 1589 reperiantur.
2198 1502 2296 1589 CJ.
2326 1504 2414 1570 N.

169 1586 420 1652 Archiv
465 1586 521 1667 I,
553 1610 632 1671 p.
678 1586 801 1650 547
848 1610 980 1673 sqq.

342 1670 520 1734 Inter
561 1672 676 1734 hos
719 1672 951 1735 eminet

341 1753 478 1841 (52)
526 1754 668 1817 Fl.
741 1753 1193 1841 Sangallen
1213 1758 1335 1820 sis
1365 1756 1489 1820 Nr.
1522 1755 1666 1836 635,
1698 1778 1747 1819 s.
1797 1755 1970 1820 VIII.
1996 1756 2118 1836 IX,
2157 1756 2413 1822 membr.

145 1837 302 1922 fol„
335 1840 625 1902 omnium
654 1840 770 1923 qui
796 1841 1041 1925 inteyri
1069 1849 1327 1905 eoestant
1357 1841 1858 1925 antiquissimus
1886 1841 2155 1925 ideoque
2184 1839 2417 1925 maqni

140 1920 538 2005 faciendus.
605 1921 910 2006 Scriptus
946 1924 1221 1987 diversis
1251 1924 1579 2005 manibus,
1618 1946 1899 2009 quarum
1943 1924 2307 2009 specimina
2339 1924 2414 1986 in

164 2005 438 2073 tabJH.
463 2005 612 2069 edit.
624 2028 732 2069 ma
751 2008 780 2067 “.
795 2007 1110 2090 dedimus,
1122 2008 1364 2093 procul
1374 2008 1572 2072 dubio
1595 2005 1878 2072 inItalia
1901 2006 2415 2093 septentrionali,

143 2088 445 2174 fortasse
499 2090 716 2153 Medio
745 2093 883 2170 ani,
939 2092 1016 2156 de
1060 2095 1251 2177 cujus
1295 2093 1456 2155 duce
1498 2091 1589 2171 II,
1630 2091 1733 2155 32.
1790 2090 1931 2154 alia
1972 2114 2179 2155 manu
2224 2090 2415 2154 addi-

165 2182 522 2237 tamentum
543 2171 812 2256 factum
857 2184 948 2239 est
961 2198 986 2256 ;
1029 2176 1103 2239 in
1146 2177 1615 2239 monasterium
1638 2174 2071 2273 Sanqallense
2096 2184 2259 2320 post
2286 2196 2411 2236 me-

165 2257 356 2321 dium
411 2256 744 2321 saeculum
787 2258 900 2321 IX.
945 2257 1312 2322 translatus
1337 2271 1380 2320 ¹.
1455 2257 1715 2323 Indices
1760 2256 1916 2322 libri
1957 2257 2013 2337 Ι,
2058 2258 2103 2319 Ι
2136 2306 2149 2320 .
2195 2266 2253 2321 et
2311 2258 2413 2322 VI.
2494 2320 2501 2328 ,

165 2341 415 2421 omissi,
458 2350 615 2424 post
670 2341 802 2422 IV,
857 2342 919 2405 4.
980 2344 1180 2427 hujus
1237 2340 1394 2406 libri
1449 2351 1842 2427 arqumenta
1891 2343 2187 2425 repetita,
2238 2363 2414 2426 quae

160 2424 331 2489 libro
379 2424 443 2489 V.
476 2425 968 2508 praemittenda
1020 2435 1211 2491 erant
1251 2427 1324 2490 in
1369 2426 1541 2490 calce
1583 2425 1934 2490 voluminis
1971 2427 2198 2509 posita
2242 2434 2412 2489 sunt.

180 2507 528 2573 Verborum
579 2509 908 2573 scribendi
961 2513 1136 2575 ratio
1179 2532 1258 2573 ea
1354 2510 1531 2573 ualis
1575 2511 1649 2573 in
1692 2512 2120 2573 monumentis
2166 2508 2415 2573 saeculi

173 2591 351 2672 VIII,
376 2594 766 2676 praesertim
787 2593 1064 2675 Italicis,
1097 2595 1294 2678 depre
1339 2594 1645 2676 enditur‚·
1677 2603 1906 2659 contra
1942 2594 2414 2679 grammaticae

161 2674 337 2762 leqes
395 2678 664 2821 saelpius
713 2686 1056 2761 peccatum
1109 2688 1218 2759 est,
1273 2701 1470 2763 quam
1513 2678 1651 2761 ipsi
1693 2676 1905 2741 Paulo
1948 2676 2024 2741 id
2068 2678 2413 2762 contiqisse

159 2770 450 2823 statuere
518 2762 675 2841 icet,·
720 2784 854 2825 non
897 2784 1056 2827 raro
1086 2766 1281 2828 etiam
1311 2761 1585 2848 sinqula
1611 2760 1931 2826 vocabula
1958 2758 2057 2825 vel
2082 2762 2413 2847 lonqiores

160 2843 505 2907 verborum
547 2845 743 2907 series
789 2846 1047 2913 omissa.
1138 2843 1388 2920 Quibus
1431 2846 1685 2921 mendis
1717 2854 1953 2930 postea
1996 2844 2126 2909 alii
2167 2845 2415 2910 mederi

163 2929 394 2993 conati
449 2937 634 3007 sunt,
677 2930 936 3012 partim
995 2928 1152 2993 aliis
1202 2930 1555 3010 codicibus,
1601 2930 1998 3015 praesertim
2055 2926 2168 2993 illo
2229 2950 2412 3014 quem

167 3010 226 3075 G
263 3012 295 3075 1
341 3012 844 3092 nominavimus,
891 3012 1128 3099 adjuti,
1167 3015 1421 3098 partim
1464 3036 1612 3077 vero
1655 3015 1819 3077 satis
1849 3013 2207 3092 temerarie,
2252 3022 2311 3075 et
2338 3011 2416 3075 id

159 3104 426 3159 tantum·
465 3096 808 3175 studentes,
863 3106 934 3159 ut
975 3099 1187 3161 verbis
1229 3097 1509 3161 rud-ibus
1568 3119 1828 3161 sensum
1884 3095 2413 3181 qualemcumque

169 3178 518 3261 inferrent.
609 3178 900 3244 Codicem
927 3182 1080 3265 jam
1125 3203 1166 3243 a
1209 3181 1623 3244 Bethmanno
1670 3179 2054 3260 adhibitum,
2102 3201 2146 3241 a
2207 3178 2269 3243 V.
2321 3178 2411 3243 C'l.

157 3262 497 3344 Zardetti,
564 3262 974 3328 bibliothecae
1018 3262 1484 3349 Sanqallensis
1520 3262 1889 3348 praefecto,
1950 3261 2245 3327 benevole
2290 3261 2413 3325 Be-

159 3346 455 3411 rolinum
507 3349 989 3429 transmissum,
1043 3370 1298 3411 summa
1353 3346 1479 3412 dili
1527 3348 1707 3411 entia
1764 3348 1999 3411 iterum
2054 3347 2411 3432 iterumque

158 3432 447 3495 eaecussi.
583 3475 599 3493 .
641 3430 730 3494 N.
776 3432 976 3495 Arch.
1021 3432 1074 3512 I,
1107 3456 1184 3517 p.
1230 3429 1482 3496 547—5
1526 3430 1585 3493 2.

335 3513 476 3603 (53)
602 3514 691 3577 *1.
758 3514 963 3579 Goth
983 3539 1152 3580 ana
1185 3514 1601 3614 fraymenta,
1652 3514 1908 3578 membr.
1955 3513 2046 3593 ΙΙ,
2090 3512 2215 3577 Nr.
2270 3513 2409 3593 191,

159 3598 300 3661 duo
324 3597 514 3682 folia
557 3621 601 3661 a
643 3607 1002 3684 tequmento
1043 3599 1198 3663 libri
1242 3599 1593 3682 cujusdam
1622 3598 1857 3679 soluta,
1899 3597 2117 3661 media
2190 3606 2409 3661 uater·

160 3682 413 3763 nionis,
459 3681 692 3766 quibus
735 3684 984 3769 emiqua
1015 3705 1192 3768 pars
1234 3682 1434 3748 Pauli
1479 3681 1607 3765 (II,
1652 3682 1735 3745 22
1778 3684 1911 3747 inc.
1961 3718 2037 3729 —-
2083 3620 2187 3745 28q
2208 3681 2409 3761 med.)

155 3766 552 3846 continetur,
598 3788 647 3828 s.
683 3766 795 3831 IX.
831 3769 1102 3852 scripta.
1174 3764 1507 3841 Quaecum
1550 3789 1629 3831 ue
1672 3766 1739 3829 F
1759 3766 1790 3828 1
1814 3764 2199 3851 peculiaria
2222 3764 2413 3829 habet

159 3849 270 3913 hic
317 3870 568 3934 quoque
609 3854 1056 3935 reperiuntur,
1101 3852 1287 3915 novis
1329 3873 1474 3915 men
1525 3852 1583 3915 is
1629 3848 1967 3915 nonnullis
1998 3857 2215 3913 aucta.
2283 3848 2413 3912 Ne-

168 4010 225 4076 1)
270 4009 342 4083 In
393 4013 630 4079 cataloyo
681 4012 933 4063 librorum
983 4010 1415 4080 Sanqallensium
1465 4012 1561 4063 hoc
1608 4020 1836 4077 tempore
1890 4010 2121 4079 confecto
2170 4009 2408 4061 nondum

155 4081 472 4145 indicatum
510 4085 580 4151 cf.
623 4085 696 4136 N.
733 4085 896 4137 Arch.
937 4084 983 4148 I,
1030 4102 1091 4151 p.
1133 4086 1255 4141 549.
1334 4085 1404 4137 In
1455 4085 1563 4137 alio
1614 4100 1736 4136 vero
1784 4083 1977 4136 codicis
2028 4083 2150 4135 olim
2187 4082 2415 4134 Lasber-

159 4154 336 4225 qiwni,
376 4172 520 4210 nwnc
555 4158 615 4209 im
653 4157 962 4210 bibliotheca
997 4158 1529 4227 Donaueschinqensi
1545 4159 1551 4165 '
1566 4158 1827 4210 asservati
1866 4157 1941 4223 (v.
1969 4156 2203 4219 Barack,
2241 4154 2408 4208 C'atal.

167 4229 272 4281 Nr.
331 4230 454 4293 191,
503 4248 561 4296 p.
617 4231 764 4297 1⁷7),
816 4247 967 4297 quem
1015 4230 1074 4283 in
1109 4231 1425 4283 monasterio
1474 4230 1817 4298 Sanyallensi
1866 4231 2157 4297 confectum
2194 4234 2415 4295 putant,

164 4303 412 4355 Historia
463 4304 940 4371 Langobardorum
989 4304 1278 4367 indicatur,
1331 4304 1629 4371 Serapeum
1677 4303 1835 4367 1840,
1874 4321 1936 4369 p.
1988 4303 2075 4353 84.
2166 4300 2413 4353 Eundem

159 4374 488 4439 Bethmann‚
528 4377 688 4429 Arch.
727 4377 793 4441 X,
820 4395 882 4444 p.
924 4378 1048 4441 318,
1091 4376 1536 4431 Constantiensem
1576 4374 1732 4428 dioeit.

1880 4480 1911 4526 3
