2984 4917
519 346 594 396 40
985 340 1202 392 PAULI
1241 337 1591 390 HISTORIA
1628 336 2303 389 LANGOBARDORUM.

527 595 784 659 Horum
825 614 1078 676 quoque
1120 612 1301 674 comp
1331 610 1461 652 ura
1506 609 1748 673 yenera
1791 588 2244 654 discernamus
2287 597 2553 674 oportet.

705 677 918 741 Unum
961 676 1101 758 (H)
1147 674 1239 738 ad
1285 670 1573 736 Galliam
1604 674 1965 757 pertinens.

693 758 833 846 (81)
867 760 1024 823 H1.
1105 758 1563 822 Vaticanus
1591 758 1933 842 reginae
1968 755 2595 820 ChristinaeNr.
2618 757 2777 838 905,

526 844 678 908 olim
721 842 794 909 S.
839 844 1104 907 Mariae
1159 841 1722 920 Pontiniacensis,
1800 839 2055 906 membr.
2117 863 2169 903 s.
2223 839 2412 903 XIII.
2489 841 2583 905 in.
2631 840 2775 926 fol.

523 927 767 992 E'odem
828 926 1154 991 volumine
1216 926 1668 990 continentur:
1732 923 1975 1004 Dares,
2040 923 2342 988 Historia
2384 923 2777 1009 Apollonii,

526 1012 848 1076 Ademari
891 1011 1169 1074 historia
1197 1008 1629 1088 Francorum,
1675 1008 1983 1093 Huyonis
2011 1005 2454 1073 Floriacensis
2483 1010 2777 1074 historia

524 1095 981 1175 ecclesiastica,
1052 1094 1325 1158 nomina
1384 1114 1454 1156 re
1504 1092 1765 1171 ionum,
1818 1092 2110 1156 civitates
2160 1091 2442 1156 Galliae.
2515 1093 2678 1157 Inde
2729 1117 2780 1157 a

525 513 650 594 usi,
695 519 768 574 ut
808 531 948 574 eam
983 509 1212 593 potius
1256 503 1650 652 daeiformasse
1692 526 1891 588 quam
1917 505 2285 569 reddidisse
2312 506 2449 570 sint
2475 505 2769 570 dicendi.

526 1177 694 1243 libro
741 1177 868 1242 III.
959 1178 1297 1242 raesertim
1341 1197 1412 1240 co
1463 1176 1623 1238 icem
1667 1173 1898 1240 classis
1948 1173 2004 1240 C
2036 1177 2351 1258 sequitur.

725 1261 834 1346 82)
976 1262 1075 1324 1³.
1142 1259 1555 1325 Romanus
1604 1256 2173 1323 Corsinianus
2214 1260 2341 1323 Nr.
2372 1257 2516 1340 863,
2559 1259 2779 1324 chart.

527 1368 577 1409 s.
735 1346 799 1411 V.
905 1345 1306 1409 Ademarum
1370 1351 1426 1406 et
1490 1341 1775 1406 Paulum
1839 1365 1919 1408 eae
1985 1343 2066 1406 H
2086 1342 2118 1405 l
2187 1344 2546 1428 descriptos
2611 1365 2782 1426 esse,

515 1430 850 1516 judicavit
893 1429 1312 1526 Bethmann3

452 1623 510 1662 ,ο
531 1619 584 1661 ⁸.
613 1510 1591 1662 Xl<⁵13729⁹>gr32ivi5⁶2⁶8225v22⁶u82
1610 1509 1968 1674 ῗῖ·αὲῖἓὲ
2005 1508 2779 1676 Ζίἰῖἒῗιὲὶαῗῑᾱῖῑέἔῑέ

535 1678 825 1745 Gallim.
893 1681 1113 1744 Etiam
1157 1680 1261 1744 hic
1292 1680 1509 1742 Dares
1553 1687 1612 1740 et
1642 1677 2012 1742 Ademarus
2040 1678 2322 1744 Paulum
2365 1678 2784 1760 antecedunt,

531 1773 894 1849 sequuntur
936 1763 1216 1828 historia
1257 1760 1655 1843 Alemandri,
1702 1761 2047 1825 Tractatus
2089 1763 2169 1827 de
2212 1762 2469 1827 Sibillis
2514 1760 2781 1846 (Sibille

530 1846 910 1934 generaliter
953 1867 1170 1910 omnes
1213 1845 1399 1931 sqq.),
1443 1845 1711 1911 Roberti
1753 1845 2033 1909 historia
2077 1845 2695 1934 Hierosolymitana.

700 1931 838 2020 (84)
897 1932 977 1994 Η
1015 1931 1075 1995 3.
1177 1930 1594 1994 Romanus
1656 1928 2304 1995 Casanatensis³
2376 1931 2470 2011 A,
2533 1930 2597 2010 I,
2663 1930 2779 2011 21,

528 2015 784 2080 membr.
842 2038 892 2079 s.
949 2015 1138 2079 XIII.
1225 2014 1303 2078 ol.
1389 2013 1544 2077 Post
1600 2013 1925 2093 Daretem,
1979 2013 2348 2078 Historiam
2406 2013 2781 2099 Apollonii,

527 2100 896 2166 Historiam
918 2099 1152 2185 Lanyo
1197 2099 1515 2162 ardorum
1544 2095 1855 2182 lequntur
1883 2098 2224 2182 epitaphia
2246 2095 2569 2162 badonici
2594 2099 2782 2182 reqis

523 2193 579 2250 et
617 2185 920 2264 aliorum,
954 2184 1190 2247 Passio
1227 2183 1505 2247 Thomae
1545 2180 2067 2261 Cantuariensis,
2113 2181 2490 2247 Translatio
2526 2181 2597 2247 S.
2630 2181 2774 2247 Ste-

515 2269 762 2353 phani,
821 2267 965 2332 Vita
1011 2265 1083 2332 S.
1129 2266 1486 2330 Leonardi.

528 2393 583 2461 1)
633 2393 820 2446 Ultimo
820 2393 962 2458 folio
983 2393 1111 2445 haec
1123 2394 1400 2460 lequntur:
1428 2393 1494 2442 In
1516 2397 1831 2443 n111⁰xnv11.
1863 2396 1915 2441 et
1944 2407 2143 2442 xnvm.
2167 2395 2222 2442 et
2239 2391 2295 2441 in
2316 2397 2465 2458 parte
2491 2393 2775 2458 sequentis

523 2467 651 2518 anni
688 2481 886 2532 magna
912 2465 1168 2532 epidimia
1192 2465 1294 2516 fuit
1326 2466 1383 2515 in
1409 2465 1648 2527 Fit-livio,
1687 2465 1815 2515 item
1859 2465 1916 2513 in
1952 2469 2205 2528 tamenn,
2245 2465 2373 2516 item
2407 2465 2464 2515 in
2501 2471 2776 2528 amemur,

520 2546 645 2592 tem
682 2540 738 2590 in
759 2554 980 2602 nxxnu,
1019 2539 1148 2589 item
1168 2539 1224 2587 in
1244 2553 1473 2588 nxxnn.
1539 2538 1604 2587 In
1624 2542 1924 2588 nuncnxxv.
1949 2538 2138 2587 civitas
2160 2537 2370 2588 Cesene
2390 2537 2653 2589 derobata
2670 2539 2775 2589 fuit

523 2629 556 2664 a
593 2612 915 2663 Bretonibus
956 2611 1288 2678 capientibus
1325 2611 1566 2661 homines
1607 2616 1661 2661 et
1696 2611 1947 2661 mulieres
1988 2615 2041 2660 et
2063 2611 2433 2676 vituperantes
2475 2626 2588 2675 eos,
2626 2612 2773 2678 quod

522 2687 703 2736 facere
741 2701 848 2736 non
885 2685 1202 2751 potuissent,
1240 2684 1347 2735 nisi
1384 2685 1763 2737 intervenisset
1801 2682 2056 2734 auxilium
2086 2683 2267 2734 domni
2304 2683 2565 2735 Iohannis
2603 2682 2771 2750 Aguti

525 2774 645 2809 cum
675 2759 786 2809 suis
824 2757 1076 2822 gentibus
1115 2757 1183 2807 de
1215 2756 1557 2822 Inghilterra‚
1609 2757 1701 2822 qui
1739 2763 1854 2807 erat
1878 2757 2139 2806 Faventie
2191 2761 2630 2809 mncnxxxxun.
2681 2757 2773 2808 die

521 2847 624 2883 vn.
661 2831 908 2896 Augusti,
962 2829 1086 2881 dum
1138 2835 1280 2881 esset
1326 2845 1520 2896 guerra
1569 2830 1709 2880 inter
1760 2829 1999 2880 Cechum
2041 2835 2095 2879 et
2140 2830 2319 2879 Pirum
2371 2830 2439 2880 de
2479 2829 2771 2882 Ordelaffis

526 2920 591 2954 ex
625 2919 736 2955 una
775 2909 926 2970 parte
965 2908 1020 2955 et
1055 2903 1311 2954 Karolum
1364 2903 1548 2952 domni
1604 2901 1867 2953 Gallaotti
1918 2902 1985 2952 de
2034 2901 2335 2954 Malatestis
2388 2907 2443 2954 et
2471 2903 2664 2955 fratres
2703 2920 2773 2954 ex

522 2977 713 3029 altera.
790 2978 935 3026 Hinc
971 2976 1099 3026 inde
1127 2976 1306 3027 multis
1346 2976 1593 3042 dampnis
1617 2976 1778 3038 datis,
1817 2976 1967 3026 venit
2003 2976 2121 3042 ipse
2148 2975 2379 3026 Karolus
2408 2992 2528 3028 cum
2568 2992 2767 3042 magna

522 3057 684 3116 gente
722 3051 778 3100 in
825 3049 959 3102 villa
995 3048 1211 3100 Bosecli
1267 3049 1539 3100 districtus
1592 3047 1834 3100 Forlivii.
1910 3048 2061 3100 Tunc
2100 3049 2462 3101 For-livienses
2512 3056 2770 3101 exeuntes

523 3130 671 3175 extra
720 3129 772 3174 et
823 3139 931 3175 non
968 3122 1211 3174 valentes
1250 3123 1499 3173 resistere
1540 3119 1699 3174 dictis
1751 3121 2021 3187 gentibus,
2072 3123 2217 3188 capti
2262 3122 2477 3172 fuerunt
2528 3123 2597 3173 de
2635 3124 2767 3174 For-

517 3197 648 3249 livio
686 3196 865 3264 plures
904 3196 995 3246 4¹¹⁹
1034 3195 1092 3264 (4
1129 3193 1405 3261 milibus?)
1444 3197 1705 3259 homines,
1744 3200 1799 3245 et
1834 3194 2162 3246 redimerunt
2199 3210 2257 3246 se
2296 3196 2507 3260 magnis
2558 3189 2675 3262 q⁵tss,
2714 3202 2769 3247 et

522 3270 784 3337 aliquanti
832 3271 1048 3321 fuerunt
1086 3270 1296 3320 mortui.
1395 3267 1463 3318 In
1513 3267 1625 3318 ima
1663 3267 1877 3336 paqina
1916 3267 2270 3334 praecedente
2307 3267 2554 3320 Blondus
2590 3267 2767 3320 Forli·

520 3343 730 3405 niensis,
772 3343 920 3410 cujus
973 3358 1164 3392 mamus
1215 3357 1317 3407 per
1373 3347 1536 3392 totum
1592 3340 1819 3392 codicem
1872 3342 2085 3391 notulas
2134 3339 2465 3408 marqinibus
2524 3342 2769 3408 aspersit,

522 3416 650 3467 haec
690 3415 924 3466 addidit:
965 3415 1186 3466 Referre
1226 3414 1385 3465 solita
1420 3413 1523 3465 fuit
1546 3415 1838 3465 Francisca
1876 3415 2107 3479 genitrix
2145 3416 2252 3465 mei
2275 3413 2493 3479 Blondi,
2534 3432 2640 3482 quo
2680 3415 2767 3466 die

521 3487 776 3540 tumultus
804 3489 893 3537 hic
930 3486 1188 3538 Forolivii
1212 3486 1329 3548 fuit,
1370 3503 1508 3550 eam,
1549 3503 1653 3554 que
1680 3487 1824 3554 apud
1863 3487 2179 3553 genitricem
2207 3491 2263 3538 et
2285 3487 2477 3539 fratres
2515 3504 2765 3555 pransum

524 3565 654 3624 erat,
695 3577 816 3612 cum
853 3559 1080 3611 vidisset
1118 3561 1264 3610 cives
1304 3559 1372 3608 ad
1413 3576 1563 3610 arma
1614 3560 1929 3624 discurrere,
1982 3577 2271 3612 memorem
2322 3561 2501 3613 subito
2551 3561 2767 3624 factam,

523 3650 670 3685 arma
718 3634 977 3699 genitoris
1028 3633 1133 3683 mei
1170 3634 1226 3682 in
1275 3632 1523 3685 cubiculo
1563 3632 1748 3685 clausa
1786 3649 1921 3697 esse,
1978 3635 2128 3685 cuius
2172 3635 2293 3701 ipsa
2332 3633 2515 3686 claves
2545 3640 2769 3697 teneret,

523 3723 607 3758 me
645 3709 838 3774 raptim
877 3707 1080 3770 gremio
1121 3711 1420 3772 exceptum,
1462 3708 1554 3772 qui
1590 3722 1801 3758 menses
1838 3711 1958 3758 octo
1996 3712 2153 3758 natus
2206 3723 2394 3771 essem,
2446 3712 2769 3774 asportasse,

522 3779 670 3831 nullo
697 3784 982 3846 expectato
1008 3779 1213 3830 itineris
1247 3780 1458 3841 comite,
1500 3785 1553 3830 et
1584 3780 1654 3829 ad
1680 3796 1830 3831 arma
1867 3782 2006 3846 patri
2032 3795 2151 3832 meo
2180 3779 2361 3831 danda
2386 3781 2531 3832 viam
2559 3795 2766 3832 omnem

524 3852 840 3904 decurrisse.
879 3852 1151 3904 BETHM.
1303 3849 1361 3918 2)
1411 3851 1474 3904 Ut
1513 3852 1727 3918 conjicio
1768 3869 1832 3904 ex
1869 3850 1937 3903 iis
1976 3869 2115 3920 quae
2154 3853 2227 3904 ad
2264 3853 2348 3918 II,
2390 3855 2457 3904 4:
2498 3855 2763 3920 fflgientos

525 3924 734 3976 cladem
771 3928 886 3978 vita
935 3925 1386 3992 relinquebantur,
1433 3925 1666 3993 marqini
1709 3925 1960 3992 imposita
2008 3927 2279 3994 leywntwr:
2332 3927 2403 3979 al.
2456 3926 2632 3980 ‘vitae’
2668 3941 2769 3994 per

525 3999 854 4067 diptongum,
896 4004 951 4051 et
975 3999 1054 4049 sic
1093 4005 1174 4050 est
1210 4000 1267 4049 in
1304 4000 1627 4050 monasterio
1654 4000 2094 4066 Pontigniacensi
2130 3999 2613 4053 Autissiodorensis
2650 3999 2763 4049 dio-

525 4073 680 4136 cesis,
721 4072 790 4124 al.
829 4071 1048 4136 ‘vitam’,
1086 4076 1147 4123 ut
1182 4072 1238 4122 in
1275 4073 1598 4124 monasterio
1651 4071 1719 4123 de
1764 4073 2029 4138 Rigniaco
2080 4073 2224 4124 dicte
2264 4073 2498 4126 diocesis
2543 4074 2619 4125 ita
2666 4077 2769 4123 est.

521 4145 798 4198 Johannes
827 4144 893 4196 de
935 4145 1270 4196 Castronovo
1294 4147 1584 4197 canonicus
1605 4145 1908 4197 Trecensis.
1946 4146 2225 4197 BETHM.
2377 4143 2437 4212 3)
2484 4144 2616 4197 olim
2636 4144 2760 4212 for-

523 4225 661 4271 tasse
699 4217 1086 4286 Riyniacensis,
1125 4225 1184 4270 ut
1220 4224 1350 4270 nota
1384 4218 1608 4272 innuere
1644 4218 1858 4272 videtur
1898 4219 2217 4287 maryinalis
2258 4219 2332 4272 ad
2358 4219 2765 4286 praecedentem

521 4291 747 4344 codicem
786 4293 969 4344 allata.
1021 4292 1293 4342 BETHM.
