2984 4917
449 393 674 445 PAULI
712 391 1063 445 HISTORIA
1098 391 1774 447 LANGOBARDORUM.
1849 393 1995 447 LIB.
2034 396 2135 448 IV.
2333 398 2444 448 147

186 560 415 626 Tuder
430 571 475 642 ⁸¹,
547 561 811 625 Ameria
828 609 844 642 ,
913 560 1181 626 Perusia
1195 610 1213 644 ,
1276 562 1574 628 Luceolis
1589 563 1617 606 ¹³
1632 611 1649 645 ,
1719 571 1784 630 et
1852 563 2009 629 alias
2085 563 2439 650 quasdam⁰

185 645 502 710 civitates.
590 644 783 725 Quod
822 644 1065 710 factum
1108 668 1255 711 cum
1298 649 1439 732 regi
1479 647 1540 710 A
1593 649 1607 662 ’
1633 647 1765 713 ulfo
1805 650 2168 714 nuntiatum
2211 659 2377 714 esset
2389 649 2441 731 ἆ,

186 730 409 793 statim
475 729 705 793 Ticino
722 741 747 772 θ
814 752 1109 815 egressus
1123 779 1140 811 ,
1207 753 1357 795 cum
1422 731 1551 796 vali
1600 754 1637 796 o
1717 733 2040 798 exercitus
2107 732 2432 798 civitatem
2459 748 2546 790 598
2559 748 2592 788 τ

182 814 529 878 Perusium
542 825 573 868 8
635 815 821 900 petiit
840 838 855 853 ·
932 815 1151 901 ibique
1214 837 1335 916 per
1403 816 1542 881 dies
1618 815 1880 902 aliquod
1939 817 2395 882 Maurisionem
2409 819 2438 860 ¹¹

182 898 422 962 ducem
462 897 519 962 L
653 896 813 962 obar
857 920 1040 962 orum
1060 948 1077 982 ,
1136 922 1249 986 qu1
1302 923 1370 965 se
1412 901 1848 966 Romanorum
1899 901 2190 987 partibus
2245 900 2438 965 tradi-

186 982 402 1063 derat,
446 919 713 1064 obttddit,
771 992 835 1047 et
892 984 1028 1049 sine
1072 1005 1251 1048 mora
1309 995 1571 1071 captum
1621 986 1787 1052 vitai
1839 986 2140 1072 privavit.
2224 985 2438 1050 Huius

183 1066 356 1152 regis
387 1064 735 1131 adventum
753 1068 782 1109 Β
824 1069 895 1130 in
935 1076 1187 1133 tantum
1227 1067 1455 1134 beatus
1487 1069 1840 1156 Gregorius
1882 1092 2056 1169 papa
2096 1072 2438 1135 exterritus

182 1160 300 1232 est,
343 1159 418 1214 ut
460 1148 543 1214 ab
588 1152 988 1236 expositione
1030 1152 1275 1238 templi,
1327 1153 1409 1217 de
1476 1176 1603 1252 quo
1647 1156 1714 1216 in
1756 1153 2132 1219 Ezecb1ele¹
2185 1152 2439 1240 legitur,

182 1234 556 1334 gie-sisteret,-
596 1236 765 1300 sicut
814 1237 956 1385 ipse
1010 1258 1267 1323 quoque
1321 1239 1392 1300 in
1431 1261 1574 1337 su1s
1621 1237 1910 1337 bomeliis
1959 1238 2209 1337 refert1.
2295 1237 2441 1302 Rex

970 1333 1013 1364 m

178 1317 703 1489 ffissrumAffiffif'
748 1321 1916 1490 {sggssmn‘zssipffiffifffflffi
1951 1321 2268 1491 ἓᾱῗέξῗξ..
2301 1321 2440 1470 Ῑῖιῗὲἰ

178 1488 485 1572 coniuge,
543 1487 710 1553 sicut
762 1509 905 1552 eam
923 1500 949 1532 ⁰
992 1487 1219 1554 beatus
1268 1502 1485 1589 papa?
1533 1490 1888 1589 Gregorius
1930 1491 2062 1556 suis
2105 1513 2141 1555 e
2187 1489 2390 1555 istulis
2407 1503 2438 1544 ‘1

182 1571 443 1658 saepius
472 1573 845 1655 ammonuit,
884 1595 1033 1637 cum
1063 1575 1286 1639 eodem
1316 1597 1455 1639 viro
1486 1576 1888 1640 sanctlssimo
1917 1597 2090 1663 papa
2181 1575 2434 1662 regorio

183 1666 383 1742 atque
447 1656 751 1720 Romanis
830 1678 1061 1743 pacem
1140 1658 1572 1723 firmissimam
1636 1663 1662 1689 *
1675 1660 1945 1746 pepigit.
2036 1659 2396 1758 Eidemque
2412 1671 2436 1702 ¹·

182 1741 447 1887 Reginae
488 1739 671 1888 ‘idam
729 1740 1116 1891 vffieral'fflis
1172 1743 1473 1808 sacerdos
1490 1755 1514 1786 ³
1592 1765 1709 1830 pro
1773 1745 2126 1830 gratiarum
2187 1753 2438 1808 actione

232 1845 355 1887 anc
400 1845 435 1886 e
483 1847 539 1887 ιε
637 1845 741 1887 am
852 1847 993 1889 rexi
1078 1850 1093 1890 ε

147 1931 157 1941 ·
362 1846 481 1971 9.p
511 1907 886 1993 ‘Gregorius
963 1909 1444 1976 Theudelindae
1511 1913 1774 1997 reginae
1845 1911 2440 1996 Langobardorum.

186 1991 361 2072 Quia
402 1991 784 2057 excellentia
834 2003 1051 2060 vestra
1102 1995 1188 2059 ad
1236 1995 1601 2060 faciendum
1617 2001 1637 2038 t
1703 2017 1931 2082 pacem
1981 1995 2324 2061 studiosius
2376 2004 2441 2060 et

180 2073 463 2161 benigne
514 2099 602 2158 se,
646 2078 811 2143 sicut
860 2078 1047 2161 solet,
1098 2079 1503 2167 inpenderit¹¹
1519 2128 1535 2161 ,
1590 2080 1993 2145 renuntiante
2042 2078 2173 2144 filio
2218 2088 2440 2144 nostro

180 2159 399 2226 Probo
428 2160 661 2227 abbate
692 2163 1133 2248 cognovimus·
1220 2165 1358 2228 Nec
1387 2165 1560 2227 enim
1589 2163 1778 2229 aliter
1807 2163 1887 2228 de
1901 2175 1927 2206 v
1975 2163 2438 2228 christianitate

189 2323 235 2375 a)
266 2324 447 2367 Paider
483 2323 520 2366 O
552 2321 615 2365 ⁸1.
651 2326 691 2364 1.
722 2327 775 2376 83
824 2327 990 2366 litterae
1034 2326 1109 2366 'l'u
1154 2338 1176 2366 e
1205 2338 1319 2368 corr.
1355 2328 1398 2366 D
1433 2328 1473 2366 1.
1628 2324 1676 2378 b)
1708 2327 1940 2368 Lucceius
1969 2325 2014 2366 A
2044 2326 2087 2370 5.
2136 2326 2188 2368 0.
2237 2327 2298 2367 D.
2329 2328 2355 2367 1
2388 2330 2431 2367 1.

181 2381 223 2434 e)
256 2394 377 2434 quas
408 2384 525 2424 duas
554 2383 598 2423 A
628 2387 670 2426 1.
794 2383 841 2437 d)
874 2387 1039 2426 fuisset
1069 2384 1111 2425 A
1128 2387 1170 2425 2.
1203 2387 1246 2426 D
1264 2387 1304 2426 2.
1428 2383 1473 2435 e)
1508 2386 1722 2427 Ticinum
1755 2385 1850 2429 (32.
1970 2384 2010 2438 ί)
2043 2386 2302 2428 exercItum
2332 2385 2370 2426 Ε·
2388 2388 2434 2426 1.

180 2440 227 2493 g)
262 2454 303 2484 c.
337 2443 493 2482 statim
522 2443 575 2482 P.
609 2444 650 2484 A
681 2444 733 2493 ²3
764 2445 1007 2485 Perusiam
1038 2445 1097 2485 D.
1217 2443 1266 2496 h)
1300 2446 1646 2486 Maurusionem
1681 2445 1723 2486 G
1753 2443 1828 2495 ⁸23
1859 2446 2020 2488 Maris.
2051 2446 2090 2486 F
2126 2447 2165 2485 1.
2301 2442 2338 2495 i)
2371 2445 2434 2484 vi·

178 2507 273 2542 tam
315 2503 357 2542 Ε·
390 2501 452 2542 1⁴?
484 2501 527 2542 G
559 2504 600 2542 1.
634 2503 675 2542 3.
706 2503 748 2542 4.
884 2501 934 2554 k)
963 2505 1028 2544 ita
1058 2503 1102 2543 A
1134 2506 1176 2544 1.
1210 2501 1273 2545 ⁸2.
1308 2503 1371 2546 ·4.
1405 2507 1448 2544 4.
1484 2505 1530 2546 5.
1572 2506 1610 2544 F
1645 2508 1684 2547 1.
1735 2505 1777 2547 G
1811 2509 1854 2547 1.
1887 2502 1949 2547 ’2.
1982 2507 2022 2547 2.
2055 2505 2097 2546 8.
2129 2505 2184 2554 43
2229 2504 2434 2544 adventu

180 2563 323 2604 ceteri.
464 2559 502 2611 1)
534 2562 785 2602 Ezechielo
829 2562 867 2603 Ε·
900 2564 943 2605 1.
991 2562 1032 2604 G
1065 2565 1105 2605 1.
1140 2560 1202 2603 ⁰8.
1237 2564 1289 2614 33
1335 2565 1645 2605 Ezechieheio
1679 2564 1715 2604 G
1745 2561 1815 2614 ⁸13
1859 2563 2126 2604 Iezechielo
2158 2563 2195 2606 O
2230 2567 2280 2612 13
2325 2561 2434 2603 Hie-

182 2621 395 2662 zechieIo
427 2619 470 2659 G
485 2621 527 2660 2.
650 2619 714 2671 ιιι)
748 2623 955 2664 extincto
984 2623 1271 2663 Haurisione
1303 2624 1453 2664 Ticin.
1487 2635 1510 2664 e
1525 2635 1642 2664 corr.
1675 2624 1712 2663 F
1731 2627 1772 2664 1.
1892 2625 1943 2678 n)
1975 2626 2302 2673 suggerentem
2331 2623 2371 2662 Ε·
2388 2624 2431 2664 1.

180 2679 225 2732 ο)
256 2681 401 2736 etiam
431 2680 471 2719 Ε
505 2682 549 2718 1.
580 2679 632 2720 1···.
668 2680 724 2722 G.
844 2680 895 2733 p)
926 2683 1037 2722 dem
1066 2683 1110 2722 D
1143 2683 1186 2723 2.
1221 2683 1274 2733 33
1306 2682 1386 2724 Gr.
1417 2694 1464 2733 p.
1499 2683 1542 2723 D
1577 2685 1629 2732 13
1673 2693 1709 2724 s.
1743 2693 1784 2726 e.
1816 2694 1852 2724 s.
1887 2688 1926 2722 et
1955 2683 2122 2725 eodem
2149 2693 2196 2726 v.
2225 2693 2263 2724 s.
2295 2693 2342 2732 p.
2375 2681 2432 2723 G.

177 2743 319 2788 atque
350 2739 438 2778 des.
471 2738 516 2777 D
548 2739 591 2780 2.
624 2739 665 2786 3,
695 2740 772 2779 ubi
800 2743 984 2782 monuit
1012 2743 1055 2793 2,
1088 2746 1332 2782 monuerat
1362 2743 1403 2782 3.
1513 2741 1562 2793 q)
1594 2744 1658 2782 ica
1687 2743 1730 2782 A
1763 2744 1802 2781 1.
1832 2743 1870 2782 F
1904 2744 1945 2794 1,
1976 2743 2166 2792 caepim.
2269 2738 2310 2791 r)
2341 2741 2432 2782 Eo-

179 2799 382 2848 demque
413 2798 451 2836 F
484 2800 527 2838 1.
644 2797 686 2849 s)
721 2798 974 2848 Gregorius
1003 2801 1047 2840 D
1080 2801 1123 2841 2.
1157 2802 1199 2842 3.
1319 2802 1356 2852 t)
1390 2803 1653 2842 faciendam
1686 2801 1738 2842 G.
1771 2803 1831 2842 D.
1862 2803 1886 2841 1
1919 2804 1964 2842 1.
2094 2798 2143 2852 u)
2177 2799 2434 2850 inpendere

176 2858 215 2897 B
249 2860 324 2898 la.
358 2856 415 2898 G.
449 2857 473 2896 Ι
503 2858 556 2906 2;
588 2857 658 2898 sol
687 2857 934 2908 Inpenderi
963 2860 1001 2899 P
1034 2863 1086 2910 13
1116 2861 1292 2901 studuit
1319 2862 1593 2912 impendere
1623 2862 1662 2900 F
1693 2860 1746 2910 53
1778 2861 1899 2900 sicut
1922 2864 2024 2910 pose
2053 2861 2132 2902 del.
2166 2861 2204 2899 F
2238 2860 2280 2912 1,
2321 2860 2434 2898 deest

186 2915 227 2956 G
258 2916 333 2958 50.
371 2937 425 2947 —
458 2917 806 2958 renuntiantem
835 2919 873 2957 F
907 2920 950 2958 1.
1070 2917 1119 2970 v)
1152 2919 1209 2960 de
1247 2942 1296 2951 -
1330 2921 1594 2962 fundendus
1625 2921 1779 2961 suerat
1806 2921 1892 2961 aa.
1927 2919 1967 2960 G
1998 2918 2068 2960 5e.

184 3047 243 3115 1)
282 3048 360 3099 D.
402 3046 647 3116 Greqorii
682 3049 845 3101 verba
871 3049 1116 3116 praefat.
1151 3050 1210 3101 in
1240 3049 1331 3102 lib.
1358 3050 1444 3102 II.
1478 3068 1642 3118 super
1675 3050 2032 3103 Ezechielem.-
2073 3051 2212 3113 Quia
2249 3049 2433 3100 multis

181 3124 323 3174 euris
381 3123 747 3189 prementibus
782 3123 1089 3174 Ezechielis
1146 3125 1441 3190 prophetae
1494 3125 1693 3176 librum
1731 3141 1910 3177 coram
1970 3126 2194 3175 caritate
2250 3127 2432 3174 vestra

176 3202 351 3247 totum
388 3212 486 3262 per
524 3196 764 3247 ordinem
801 3198 1125 3263 perscrutari
1176 3213 1284 3247 non
1338 3197 1524 3249 licuit:
1564 3199 1721 3250 bonis
1775 3197 2056 3250 desideriis
2093 3197 2301 3264 placuit
2335 3211 2432 3262 pa-

178 3286 315 3333 rere,
358 3275 422 3320 ut
458 3270 650 3321 saltem
703 3276 942 3322 extrema
988 3271 1104 3321 eius
1153 3271 1308 3331 visio,
1358 3287 1499 3337 quae
1550 3273 1604 3323 ei
1650 3272 1798 3322 facta
1847 3275 1929 3323 est
1979 3270 2048 3320 de
2087 3268 2337 3321 aedificio
2375 3269 2434 3318 in

178 3349 364 3396 monte
405 3345 710 3406 constituto,
749 3360 887 3410 quae
927 3349 983 3395 et
1033 3345 1241 3395 cunctis
1279 3350 1361 3396 est
1395 3346 1694 3396 visionibus
1730 3347 1845 3396 eius
1892 3344 2185 3407 obscurior,
2238 3342 2433 3410 exponi

181 3417 477 3468 debuisset.
552 3417 625 3467 Et
660 3418 879 3484 quidem
915 3417 1183 3469 voluntati
1233 3422 1451 3469 vestrae
1506 3432 1591 3470 me
1640 3434 1829 3485 parere
1879 3433 2102 3470 necesse
2141 3422 2240 3468 est.
2318 3414 2430 3467 Sed

182 3491 287 3542 duo
328 3496 455 3542 sunt
486 3506 625 3556 quae
662 3490 766 3541 hac
804 3493 861 3542 in
897 3508 957 3542 re
995 3491 1307 3557 perturbant
1344 3493 1580 3543 animum
1620 3508 1813 3555 meum,
1864 3507 2046 3554 unum,
2104 3490 2249 3557 quod
2289 3489 2431 3540 haec

181 3564 379 3616 eadem
422 3565 560 3614 visio
616 3569 800 3615 tantae
843 3565 1185 3617 obscuritatis
1236 3565 1447 3617 nebulis
1492 3567 1710 3632 tegitur,
1768 3571 1830 3617 ut
1877 3567 1969 3616 vix
2017 3565 2076 3614 in
2115 3579 2182 3615 ea
2221 3561 2429 3629 aliquid

176 3637 465 3690 intellectu
516 3637 871 3689 interlucente
922 3639 1199 3703 videatur3
1254 3638 1421 3702 aliud,
1472 3638 1616 3707 quod
1665 3641 1777 3690 iam
1812 3637 2162 3705 Agilulphum
2211 3636 2429 3703 Lango-

177 3711 474 3763 bardorum
512 3727 696 3776 regem
722 3711 794 3761 ad
832 3713 1168 3765 obsidionem
1206 3717 1440 3763 nostram
1479 3729 1814 3780 summopere
1851 3713 2195 3764 festinantem
2220 3711 2431 3761 Padum

178 3783 440 3836 transisse
481 3786 857 3850 cognovimus3
907 3787 1052 3838 unde
1092 3792 1336 3855 pensate,
1373 3787 1566 3839 batres
1605 3787 1884 3850 carissimi,
1931 3787 1988 3836 in
2027 3784 2338 3851 caliginosis
2377 3787 2432 3833 et

178 3859 425 3924 mysticis
463 3858 709 3909 sensibus
754 3865 1038 3925 penetrare
1078 3860 1209 3926 quid
1258 3860 1440 3912 valeat
1483 3877 1637 3912 mens
1686 3862 1897 3922 misera,
1946 3860 2153 3910 timoris
2190 3858 2274 3909 sui
2307 3872 2430 3922 per-

180 3931 579 3983 turbationibus
635 3937 901 3998 occupata
956 3941 1049 3984 etc.
1126 3932 1374 3986 Recitata
1426 3951 1552 3986 vero
1607 3931 1838 3985 homelia
1891 3928 2081 3982 XXII.
2137 3930 2271 3982 haec
2318 3928 2398 3979 ait
2411 3944 2430 3978 ε

178 4007 355 4057 Nemo
394 4010 573 4055 autem
612 4021 697 4056 me
735 4006 1109 4072 reprehendat,
1148 4009 1195 4059 si
1232 4014 1354 4074 post
1388 4009 1531 4059 hanc
1566 4007 1894 4058 locutionem
1946 4020 2245 4068 cessavero,
2285 4003 2430 4068 quia,

178 4082 323 4132 sicut
347 4095 533 4130 omnes
572 4081 807 4144 cernitis,
843 4085 1058 4131 nostrae
1093 4081 1468 4134 tribulationes
1507 4085 1870 4133 excreverunt.
1941 4079 2195 4144 Undique
2232 4075 2432 4142 gladiis

184 4153 499 4205 circumfusi
536 4168 732 4217 sumus,
782 4154 1021 4220 undique
1072 4156 1357 4207 imminens
1393 4158 1579 4207 mortis
1628 4153 1928 4223 periculum
1975 4156 2243 4205 timemus.
2317 4148 2430 4200 Alii

182 4227 519 4280 detruncatis
556 4226 629 4278 ad
665 4244 761 4279 nos
812 4229 1057 4281 manibus
1106 4228 1351 4292 redeunt,
1401 4229 1495 4280 alii
1536 4232 1697 4296 capti,
1747 4229 1843 4280 alii
1896 4226 2204 4292 interempti
2240 4222 2428 4274 nunci-

183 4307 363 4352 antur.
438 4301 555 4351 Iam
588 4317 753 4368 cogor
786 4301 1027 4368 linguam
1053 4303 1123 4354 ab
1163 4303 1498 4368 expositione
1534 4305 1784 4367 retinere,
1822 4303 1950 4368 quia
1973 4299 2160 4352 taedet
2196 4298 2429 4348 animam

183 4391 362 4428 meam
398 4376 544 4426 vitae
582 4391 736 4426 meae
774 4383 870 4426 etc.
909 4377 1007 4428 BI.
1156 4372 1216 4442 2)
1254 4375 1383 4444 1229.
1422 4376 1524 4441 IX,
1563 4377 1654 4430 43.

1862 4476 1966 4526 10*

2454 1645 2555 1688 59⁹.

2455 1705 2472 1721 ⁸
2490 1718 2536 1757 p.
2571 1707 2678 1748 119.

2592 1893 2606 1911 e

2543 1961 2595 1997 L(
2623 1935 2684 1986 ΙΝ
2731 1949 2746 1981 ι’
2797 1935 2810 1947 r

2775 1959 2826 2000 ιθ
2843 1967 2912 1997 ran
2926 1969 2954 1993 η’
