2984 4917
535 380 606 429 62
847 380 1067 432 PAULI
1104 379 1458 433 HISTORIA
1495 380 2169 461 LANGOBARDORQM.
2247 382 2390 434 LIB.
2427 383 2473 433 1.

532 546 726 613 altius
740 559 767 591 ³
795 551 1189 629 ammiratus,
1213 570 1363 613 eum
1390 568 1699 634 magnum
1726 547 2013 615 futurum
2040 550 2427 635 pronuntiat.
2492 549 2777 636 Moxque

537 654 688 697 eum
729 655 769 699 a
807 634 1060 719 piscina
1100 631 1302 697 levari
1343 632 1691 719 praecepit,
1742 643 1937 721 atque
1978 634 2214 698 nutrici
2255 633 2561 699 traditum
2606 637 2780 698 omni

536 737 683 781 oum
727 717 978 782 studiob
1021 715 1286 781 mandat
1333 715 1667 799 alendum3
1711 726 1775 781 et
1818 718 1970 804 quia
1999 739 2146 783 eum
2189 716 2269 782 de
2297 718 2565 805 piscina,
2661 740 2783 783 uae

535 821 757 866 eorum
814 799 1042 887 lingua
1106 798 1308 864 ‘lama'
1372 799 1641 865 dieitur-¹
1665 849 1683 884 ,
1754 799 2034 884 abstulit,
2094 802 2409 867 Lamissio
2424 814 2465 845 ⁰·
2486 813 2510 847 ²
2575 803 2634 867 ei
2681 824 2781 867 em

533 907 769 950 nomen
787 885 816 927 ἅ
848 885 1152 971 inposuit.
1220 884 1350 965 Qui
1381 906 1531 949 eum
1558 883 1960 967 adolevisset,
2004 897 2135 952 tam
2153 897 2178 930 θ
2209 896 2503 952 strenuus
2533 886 2787 951 iuvenis

535 968 800 1035 effectus
843 977 958 1051 est,
1001 969 1106 1033 utf
1147 976 1212 1034 et
1252 966 1778 1034 bellicosissimus
1820 971 2101 1035 extiterit
2128 978 2193 1035 et
2218 980 2367 1058 post
2392 968 2786 1055 Agelmundi

535 1052 728 1116 fimus
771 1054 954 1139 regni
995 1050 1432 1139 gubernacula
1460 1054 1718 1119 rexerit.
1804 1054 2049 1120 Ferunt
2088 1053 2281 1137 hunc,
2335 1053 2489 1119 dum
2530 1054 2785 1139 Lango-

534 1134 721 1203 bardi
765 1156 913 1202 cum
955 1159 1024 1203 re
1073 1159 1108 1202 e
1151 1159 1269 1202 suo
1323 1138 1444 1203 iter
1499 1147 1761 1224 agentes
1802 1137 1888 1203 ad
1942 1140 2263 1226 quendam
2319 1136 2590 1203 fluvium
2644 1160 2789 1224 per-

534 1220 861 1285 venissent
902 1228 967 1285 et
1005 1240 1045 1283 a
1133 1220 1570 1286 Amazonibus
1614 1231 1824 1288 essent
1872 1220 2182 1310 prohibiti
2223 1220 2391 1287 ultra
2432 1243 2787 1307 permeare,

537 1324 685 1367 eum
729 1326 950 1369 earum
991 1303 1338 1371 fortissima
1372 1305 1440 1369 in
1482 1305 1679 1371 fluvio
1707 1316 1929 1372 natatu
1958 1328 2279 1395 pugnasse
2308 1328 2575 1391 eamque
2606 1328 2787 1391 pere·

534 1388 748 1469 misse,
781 1388 1032 1536 sibissie
1073 1386 1282 1455 laudis
1311 1388 1602 1476 gloriam,
1631 1390 2078 1477 Langobardis
2109 1411 2363 1489 quoque
2392 1389 2739 1479 transitum
2754 1401 2784 1444 8

533 1472 883 1557 paravisse.
1004 1494 1082 1535 oe
1103 1471 1420 1559 siquidem
1439 1475 1606 1539 inter
1633 1484 1937 1562 utrasque
1966 1475 2137 1540 acies
2163 1496 2343 1561 pr1us
2372 1474 2787 1558 constitisseh‚

538 1565 872 1640 quatenus,
917 1557 972 1620 si
1013 1555 1337 1622 Amazoni
1398 1557 1624 1623 eadem
1638 1559 1668 1601 Β
1713 1557 2179 1624 Lamissionem
2220 1569 2566 1657 superaret,
2611 1557 2781 1621 Lan-

580 1637 805 1705 obardi
832 1641 904 1703 a¹
933 1639 1196 1707 flumine
1223 1641 1621 1725 recederent3
1667 1643 1819 1707 sin¹¹¹¹
1855 1664 2011 1708 vero
2042 1654 2122 1707 aa
2150 1643 2569 1725 Lamissione,
2614 1651 2689 1706 ut
2718 1650 2783 1707 et

532 1662 775 1789 §actum
836 1732 964 1807 est,
1021 1726 1165 1811 ipsa
1204 1726 1595 1811 vinceretur,
1638 1725 2085 1813 Langobardis
2140 1725 2365 1793 eadem
2406 1724 2785 1812 permeandi

535 1806 777 1873 fluenta
819 1810 1007 1894 copia
1046 1810 1463 1894 praeberetur
1475 1820 1521 1873 ³.
1609 1808 1916 1878 Constat⁰
1960 1833 2133 1895 sane,
2217 1811 2325 1875 uia
2351 1810 2539 1874 huius
2584 1830 2789 1874 asser-

534 1894 728 1958 tionis
773 1894 968 1959 series
1020 1894 1231 1958 minus
1280 1894 1547 1959 veritate
1596 1894 1876 1961 subnixa
1932 1906 2028 1962 est
2038 1906 2086 1961 ⁰.
2237 1894 2495 1960 mnibus
2546 1894 2787 1959 etenim

537 1976 772 2065 quibus
799 1987 1046 2043 veteres
1087 1976 1388 2041 historiae
1429 1988 1620 2043 notae
1664 1988 1813 2043 sunt
1852 1988 2049 2066 patet,
2091 1990 2347 2066 gentem
2374 1975 2788 2043 Amazonum

531 2061 764 2146 longe?
807 2069 1012 2144 antea,
1077 2083 1271 2147 quam
1312 2061 1471 2127 haec
1514 2062 1655 2127 fieri
1696 2064 2069 2151 potuerinta,
2128 2085 2267 2129 esse
2310 2061 2616 2145 deletam3
2657 2062 2789 2126 nisi

533 2145 717 2227 forte,
762 2146 914 2232 quia
951 2143 1098 2210 loca
1154 2145 1397 2229 eadem,
1448 2144 1562 2211 ubi
1617 2146 1775 2213 haec
1830 2158 2015 2233 gesta
2065 2148 2355 2213 feruntur
2370 2195 2387 2230 ,
2439 2167 2571 2211 non
2629 2148 2789 2211 satis

530 2229 1056 2316 historiographis
1098 2238 1250 2295 nota
1289 2230 1549 2295 fuerunt
1588 2240 1653 2295 et
1692 2233 1810 2295 vix
1852 2230 1935 2295 ab
1992 2231 2207 2319 aliquo
2252 2253 2472 2297 eorum
2514 2228 2789 2316 vulgata

532 2324 701 2395 sunt,
745 2313 887 2379 fieri
929 2316 1224 2400 potuerit,
1267 2325 1339 2379 ut
1369 2336 1575 2402 usque
1603 2314 1689 2379 ad
1730 2315 1799 2379 id
1839 2325 2093 2401 tempus
2135 2314 2579 2381 huiuscemodi
2618 2314 2789 2379 inibi

531 2396 870 2462 mulierum
913 2420 1118 2481 genus
1159 2396 1526 2465 haberetur.
1610 2398 1779 2463 Nam
1809 2408 1875 2465 et
1902 2421 2023 2484 ego
2049 2400 2271 2465 referri
2310 2422 2350 2463 a
2392 2397 2788 2485 quibusdam

532 2479 774 2563 audivi,
828 2502 1033 2566 usque
1085 2481 1276 2546 hodie
1331 2482 1436 2545 inr
1490 2483 1733 2547 intimis
1788 2482 2170 2549 Germaniae
2224 2482 2463 2548 finibus
2516 2491 2784 2567 gentem

531 2564 761 2629 harum
805 2565 1080 2631 existere
1099 2593 1103 2595 ·
1121 2565 1503 2630 feminarum
1511 2576 1560 2630 ⁴.

705 2648 802 2712 16.
885 2648 1094 2733 Igitur
1109 2660 1133 2695 ⁵
1186 2659 1571 2715 transmeato
1629 2649 2042 2737 Langobardi
2099 2650 2181 2717 de
2235 2672 2363 2738 quo
2408 2649 2783 2716 dixeramus

531 2729 826 2815 flumine,
871 2754 1019 2797 oum
1048 2732 1132 2797 ad
1173 2731 1507 2800 ulteriores
1532 2742 1734 2799 terras
1764 2736 2207 2821 pervenissent
2218 2747 2261 2820 ³,
2302 2734 2432 2799 illio
2460 2757 2578 2820 per
2618 2743 2783 2801 tem-

533 2892 580 2946 s)
614 2895 754 2934 alitus
788 2893 830 2935 G
861 2897 911 2944 13
942 2895 1055 2934 deese
1088 2893 1130 2935 G
1162 2895 1210 2944 Ως
1243 2895 1277 2935 f.
1308 2895 1404 2936 tale
1436 2906 1480 2936 a.
1512 2896 1642 2940 Gbc.
1763 2898 1811 2952 b)
1844 2910 1886 2940 o.
1919 2900 2160 2941 constudio
2192 2900 2231 2939 B
2252 2900 2300 2949 83
2332 2910 2375 2941 0.
2409 2899 2620 2940 custodia
2647 2898 2689 2938 A
2708 2896 2776 2939 ⁸4.

534 2953 577 2994 5.
627 2952 664 2994 0
696 2954 738 2993 2.
785 2954 824 2993 Ε
860 2955 902 2994 1.
948 2954 986 2993 F
1019 2954 1060 2993 2.
1106 2954 1130 2993 1
1163 2956 1214 3003 13
1262 2964 1288 2993 o
1323 2966 1426 2995 eum
1473 2958 1681 2997 custodia
1724 2959 1763 2998 F
1794 2959 1837 3001 8.
1888 2958 1929 2999 G
1963 2959 2003 2999 2.
2154 2956 2198 3011 e)
2228 2958 2433 2999 Lamisio
2478 2958 2517 2998 B
2551 2960 2592 2997 1.
2640 2957 2681 2999 G
2714 2954 2782 3001 *5.

533 3010 581 3064 d)
611 3012 812 3061 posthaec
842 3012 892 3051 in
921 3011 964 3052 A
991 3014 1014 3053 1
1037 3012 1202 3061 folium
1233 3014 1383 3052 midi&
1411 3024 1549 3065 usque
1578 3017 1637 3055 ad
1664 3028 1761 3067 cap.
1781 3019 1835 3059 17
1856 3018 1943 3069 fin.
1976 3018 2034 3058 de
2063 3018 2265 3058 hostium
2297 3029 2403 3059 exu.
2525 3019 2572 3069 e)
2604 3020 2651 3057 et
2678 3018 2780 3057 iam

529 3068 666 3113 A‘ss.
700 3072 1054 3121 231taB.F1
1089 3073 1324 3113 acornss.
1359 3072 1699 3124 &430001
1734 3078 1864 3117 -3,
1911 3076 2111 3127 D.11;
2156 3076 2415 3118 adeoC4.
2450 3076 2783 3125 5.18;deest

528 3132 566 3171 F
599 3130 641 3171 5.
675 3130 716 3171 G
751 3130 880 3173 1-5.
911 3132 956 3171 H
988 3132 1026 3175 1.
1162 3129 1200 3183 f)
1231 3132 1342 3171 deest
1373 3132 1427 3173 G.
1459 3134 1505 3173 H
1537 3136 1587 3184 13
1626 3136 1843 3176 extiterat
1876 3158 1929 3167 -
1960 3139 2146 3177 rexerat
2176 3136 2217 3177 G
2248 3138 2289 3176 2.
2323 3136 2372 3186 ὃς
2404 3135 2557 3175 extitit
2588 3134 2629 3175 G
2658 3136 2698 3176 4.
2735 3135 2779 3180 5.

529 3190 574 3230 Η
607 3192 662 3239 1;
710 3194 758 3230 et
789 3191 913 3232 rexit
959 3190 995 3231 C
1027 3190 1073 3231 3.
1119 3190 1158 3230 F
1190 3191 1235 3234 2.
1282 3190 1324 3231 G
1353 3191 1396 3234 4.
1431 3192 1472 3233 5.
1624 3191 1671 3246 ε)
1718 3196 1915 3235 transitu
1959 3207 2075 3235 cor-r.
2115 3196 2361 3235 transitum
2403 3195 2441 3234 F
2489 3195 2530 3234 1.
2578 3192 2619 3234 G
2650 3196 2691 3235 1.
2729 3195 2774 3238 2.

391 3250 400 3255 ‘
441 3259 480 3271 “·
529 3247 579 3300 h)
613 3249 899 3290 constitisset
928 3250 965 3289 F
983 3250 1024 3289 1.
1061 3249 1170 3300 G23
1203 3250 1520 3292 constituisset
1550 3250 1593 3293 G
1622 3253 1664 3294 8.
1682 3253 1740 3303 43
1772 3254 2108 3295 constituerunt
2136 3266 2159 3295 e
2188 3266 2303 3296 corr.
2338 3253 2380 3293 G
2410 3254 2451 3295 1.
2570 3249 2607 3303 i)
2638 3254 2779 3296 Ama-

531 3318 650 3348 zona
678 3308 704 3347 1
735 3311 776 3348 1.
894 3306 945 3359 k)
979 3310 1178 3350 eundem
1221 3309 1262 3349 A
1293 3306 1356 3353 ‘3.
1399 3310 1441 3349 5.
1473 3312 1517 3352 6.
1550 3311 1585 3352 0
1617 3313 1659 3351 1.
1690 3313 1730 3353 Ε
1765 3315 1807 3357 1.
1847 3314 1885 3353 P
1916 3314 1959 3354 2.
1989 3314 2035 3358 4.
2076 3312 2119 3353 G
2152 3315 2190 3355 8.
2222 3314 2266 3355 5.
2304 3312 2349 3353 H
2381 3314 2431 3362 13
2464 3312 2627 3353 eadem
2656 3324 2777 3357 corr.

531 3368 731 3407 eundem
761 3366 805 3407 A
833 3363 895 3407 *3.
927 3368 966 3407 Β
999 3370 1049 3417 33
1091 3368 1256 3409 eodem
1299 3368 1341 3409 G
1372 3370 1413 3421 3,
1445 3381 1561 3412 corr.
1604 3372 1801 3413 eundem
1834 3372 1875 3413 G
1908 3374 1947 3415 1.
2082 3370 2119 3425 1)
2152 3373 2212 3413 ad
2240 3373 2279 3412 F
2313 3374 2355 3414 1.
2380 3403 2403 3421 .
2492 3369 2558 3423 m)
2590 3372 2631 3411 si
2658 3372 2695 3411 F
2732 3375 2775 3412 1.

529 3424 581 3477 n)
613 3426 673 3465 ad
701 3425 997 3467 Lamisonem
1027 3427 1064 3466 F
1099 3428 1148 3476 13
1178 3427 1519 3469 Lamissionem
1552 3428 1594 3469 G
1624 3430 1662 3469 3.
1695 3432 1737 3471 4.
1832 3430 1877 3482 o)
1908 3432 2100 3473 Constat
2132 3454 2183 3462 —
2216 3434 2287 3473 est
2313 3432 2401 3471 dee.
2414 3431 2474 3472 D.
2566 3428 2615 3482 p)
2632 3431 2777 3480 longe

531 3504 585 3515 -
618 3486 854 3533 potuerint
881 3485 967 3525 des.
1000 3485 1035 3526 C
1069 3486 1109 3527 2.
1245 3484 1294 3537 q)
1324 3490 1580 3536 potnerunt
1620 3488 1670 3532 Ο.
1702 3490 1769 3538 D3
1812 3491 2015 3541 potuerit
2058 3491 2097 3530 F
2130 3492 2171 3533 1.
2221 3489 2263 3531 G
2295 3491 2335 3535 1.
2367 3490 2409 3531 3.
2438 3490 2483 3531 4.
2516 3488 2558 3533 5.
2590 3490 2632 3531 6.
2664 3490 2688 3530 1
2720 3490 2778 3542 33

527 3542 574 3587 h.
604 3542 770 3583 flerent
799 3544 837 3583 Β
871 3546 914 3585 1.
1037 3543 1078 3596 r)
1109 3546 1222 3584 decet
1251 3546 1292 3585 A
1325 3546 1366 3585 2.
1405 3546 1476 3587 2⁸.
1511 3544 1571 3589 ·3.
1605 3546 1647 3587 G
1676 3548 1720 3589 3.
1854 3548 1894 3602 s)
1922 3549 2213 3601 pervenisset
2240 3550 2278 3588 F
2313 3551 2353 3589 1.
2389 3548 2431 3589 G
2463 3551 2504 3589 1.

531 3687 590 3759 1)
628 3690 813 3744 Vocem
849 3693 1008 3745 etiam
1046 3694 1198 3759 apud
1233 3693 1450 3746 Festum
1478 3695 1736 3763 reperies:
1775 3697 2019 3764 Lacuna,
2058 3715 2232 3767 aquae
2274 3698 2542 3764 collectiO,
2582 3716 2615 3751 a
2640 3700 2772 3754 lacu

530 3764 820 3831 derivatur,
859 3782 1020 3833 quam
1058 3766 1155 3817 alii
1189 3767 1405 3833 lamam,
1444 3769 1540 3821 alii
1574 3770 1799 3823 lustrum
1837 3772 2040 3825 dieunt.
2096 3773 2295 3825 LIND.
2355 3770 2434 3839 (ff.
2460 3773 2513 3824 J.
2543 3772 2765 3839 Grimm,

533 3837 597 3891 G.
618 3839 673 3891 d.
703 3838 776 3891 D.
797 3838 926 3905 Spr.
948 3838 1008 3892 S.
1046 3840 1153 3889 694
1167 3858 1183 3890 ε
1223 3842 1342 3892 ‘aas
1361 3842 1543 3896 keiner
1556 3844 1959 3911 yermwnischen
1978 3844 2353 3915 Sprachejetzt
2372 3862 2440 3897 zu
2460 3845 2766 3901 erlc'iutem‘.

530 3908 639 3965 Sed
648 3912 890 3977 fortasse
914 3930 1032 3965 cum
1055 3914 1212 3966 verbo
1231 3922 1410 3967 nostro
1438 3915 1637 3968 ‘Lehm'
1664 3918 2085 3987 conjwnqendum
2108 3925 2196 3971 est.
2255 3920 2370 3971 ΒΕ.
2522 3917 2581 3986 2)
2598 3920 2769 3973 Hanc

525 3984 754 4038 nominis
789 3986 1030 4052 somam
1083 3986 1290 4039 Paulus
1339 4005 1404 4041 ex
1451 3988 1643 4043 Edicto
1693 3991 1947 4043 Rotharie
1995 3990 2243 4045 sumai-330
2290 3992 2519 4045 videtur.
2604 3994 2770 4045 Laia-

525 4060 704 4111 mieho
741 4060 829 4111 vel
865 4059 1127 4113 Lamioho
1173 4058 1316 4129 Oriy.
1479 4060 1539 4129 3)
1578 4063 1775 4117 Modus
1827 4066 1965 4118 bella
2010 4065 2299 4117 dirimendi
2348 4072 2471 4117 tunc
2508 4083 2617 4118 non
2645 4066 2769 4118 inu-

523 4132 746 4194 sibama,-
782 4133 850 4199 cs.
905 4132 1060 4202 Greq.
1122 4132 1249 4187 Tur.
1290 4134 1374 4199 ΙΙ,
1413 4135 1464 4187 2.
1615 4138 1669 4203 4)
1709 4138 1795 4191 De
1842 4138 2043 4191 Kvenis
2088 4138 2218 4191 haec
2263 4138 2609 4206 intelligenda
2658 4156 2771 4193 esse

525 4206 804 4267 violentur,-
842 4206 911 4272 qs.
949 4206 1115 4259 Zeuse
1141 4225 1206 4275 p.
1247 4206 1384 4275 686..
1520 4206 1577 4276 5)
1617 4229 1661 4263 c.
1705 4212 1791 4265 16.
1822 4213 1907 4263 17.
1947 4212 2090 4264 unde
2115 4211 2321 4264 Paulus
2358 4212 2619 4279 sumserit,
2656 4230 2768 4266 non

527 4287 745 4333 constat.
833 4280 1086 4334 Fortasse
1145 4281 1366 4335 eandem
1420 4291 1635 4336 secutus
1665 4291 1740 4337 est
1794 4286 2175 4351 narrationem,
2232 4303 2391 4353 quam
2448 4294 2610 4340 antea
2646 4303 2765 4340 cum

532 4350 746 4421 Oriqine
784 4354 1071 4423 conjunxit.
