2984 4917
555 431 659 481 180
871 428 1094 481 PAULI
1131 426 1481 479 HISTORIA
1522 423 2197 478 LANGOBARDORUM.
2272 421 2419 474 LIB.
2459 424 2523 475 V.

552 621 683 663 non
725 596 962 662 multoa
1006 598 1192 682 postb
1237 605 1525 680 tempore
1570 594 1700 658 iam
1744 591 1987 656 dudum
2030 599 2285 678 pactam
2342 589 2467 655 sibi
2508 588 2627 654 Ari
2676 591 2788 654 erti

551 683 722 768 regis
766 680 981 761 filiam,
1029 681 1210 744 cuius
1254 700 1631 764 germanum
1662 675 2105 762 Godepertum
2148 677 2566 756 extincxerat,
2656 676 2795 738 uxit

549 788 838 833 uxorem.
903 765 1430 829 Beneventanum
1458 783 1610 826 vero
1642 761 2015 842 exercitum,
2046 759 2227 823 cuius
2256 756 2495 822 auxilio
2524 781 2793 844 regnum

551 852 822 937 adeptus
853 859 1007 931 erat,
1049 847 1263 911 multis
1293 845 1581 911 dotatum
1598 857 1623 888 ⁰
1664 846 2033 910 muneribus
2062 845 2307 908 remisit
2346 841 2431 906 ad
2466 844 2735 942 propria
2748 843 2795 910 d.

551 933 933 1022 Aliquantos
977 941 1192 996 tamen
1250 953 1334 995 ex
1384 931 1475 995 eis
1523 950 1743 994 secum
1800 928 2195 993 habitaturos
2237 935 2530 1010 retenuit,
2574 925 2795 1012 largis-

553 1019 748 1082 simas
791 1018 884 1083 eis
927 1017 1215 1081 tribuens
1258 1015 1717 1100 possessiones.

720 1102 779 1165 2.
868 1101 998 1180 Qui
1055 1108 1396 1186 postquam
1451 1098 1741 1184 conperit
1756 1109 1801 1180 ⁶,
1867 1095 2220 1161 Perctaritf
2272 1095 2617 1180 profugum
2666 1095 2795 1159 Sci-

550 1187 798 1249 thiamc
840 1183 1207 1271 appetisseh
1253 1193 1317 1247 et
1357 1191 1515 1267 aput
1558 1204 1869 1246 cacanum
1914 1180 2259 1261 demorari,
2305 1179 2513 1243 eidem
2558 1200 2796 1243 cacano

553 1270 874 1333 Avarumi
922 1269 1058 1354 regi
1097 1290 1214 1352 per
1254 1266 1500 1352 legatos
1543 1265 1905 1347 mandavit,
1950 1274 2047 1348 ut,
2094 1265 2148 1328 si
2185 1264 2522 1328 Perctariti
2566 1264 2637 1326 in
2683 1284 2795 1326 suo

553 1375 753 1438 regno
811 1352 1139 1434 detineret,
1199 1373 1346 1415 cum
1396 1349 1839 1435 Langobardis
1898 1357 1962 1413 et
2018 1370 2233 1413 secum
2277 1369 2535 1432 pacem,
2598 1369 2795 1432 quam

551 1437 860 1502 hactenus
903 1436 1228 1518 habuerat,
1274 1435 1575 1519 deinceps
1617 1434 1853 1499 habere
1881 1455 2009 1496 non
2053 1433 2324 1518 possitk.
2407 1430 2589 1494 Haec
2625 1430 2799 1494 Ava-

552 1523 724 1585 rum¹
782 1544 900 1586 rex
951 1519 1250 1602 audienS,
1307 1519 1552 1582 adscito
1594 1519 1943 1600 Perctarit,
1989 1515 2154 1579 dixit
2196 1518 2275 1596 ei,
2318 1524 2447 1578 utm
2488 1517 2559 1578 in
2648 1537 2800 1578 uam

552 1615 802 1690 partem
845 1602 1036 1669 vellet
1090 1612 1416 1689 pergeret,
1470 1624 1552 1666 ne
1610 1611 1873 1688 propter
1930 1623 2079 1664 eum
2120 1598 2367 1664 Avares
2425 1620 2573 1664 cum
2694 1621 2800 1662 an-

555 1687 856 1774 gebardis
935 1689 1300 1752 inimicitias
1317 1699 1345 1730 ¹¹
1418 1686 1861 1751 contraherent
1879 1697 1919 1748 ¹.
2034 1684 2351 1748 Perctarit
2416 1705 2571 1746 vero
2636 1683 2798 1748 haec

555 1771 840 1855 audiens,
870 1771 1121 1836 Italiam
1150 1771 1235 1835 ad
1265 1768 1714 1836 Giimualdum
1743 1791 2113 1835 reversurus
2130 1780 2155 1811 ⁰
2184 1768 2464 1853 repetiit3
2506 1765 2801 1832 audierat

557 1951 602 2004 a)
636 1954 833 1993 multum
865 1953 900 1994 C
934 1949 994 1991 ·1.
1030 1952 1071 1994 G
1102 1954 1143 1994 3.
1175 1953 1219 1994 4.
1371 1950 1418 2002 b)
1449 1953 1561 1992 deest
1595 1951 1635 1992 G
1668 1955 1707 1992 2.
1860 1949 1901 2002 c)
1937 1952 2132 1991 ditatum
2161 1948 2203 1989 A
2236 1951 2277 1991 3.
2308 1952 2367 1991 Β.
2401 1950 2451 1991 Ο.
2480 1951 2523 1988 D
2558 1955 2597 1988 et
2627 1961 2650 1988 e
2680 1961 2789 1990 corr.

554 2013 592 2052 F
626 2015 666 2054 1.
702 2012 743 2052 G
776 2015 816 2052 1.
848 2013 901 2061 45
952 2014 1146 2052 multum
1193 2013 1364 2052 ditatus
1393 2012 1433 2052 F
1465 2012 1520 2061 43
1567 2012 1737 2051 ditatos
1781 2010 1824 2049 A
1854 2011 1897 2050 6.
1930 2011 1968 2050 Ε
2001 2011 2053 2060 2;
2099 2007 2318 2049 donatum
2349 2009 2392 2049 A
2422 2010 2464 2050 2.
2616 2005 2663 2059 d)
2690 2019 2787 2056 pro·

555 2072 706 2122 priam
739 2067 853 2112 c·1.
890 2072 933 2110 1.
1056 2070 1101 2122 e)
1135 2071 1364 2120 conperiit
1393 2071 1429 2109 F
1463 2071 1515 2112 1.'
1626 2070 1662 2120 f)
1694 2069 1993 2109 Pereatharid
2023 2071 2099 2108 hoc
2130 2071 2219 2108 loco
2253 2067 2287 2108 C
2310 2071 2351 2110 1.
2473 2065 2520 2118 g)
2557 2067 2783 2108 Scitthiam

557 2131 591 2172 Ο
625 2127 686 2172 ’1.
719 2131 763 2170 D
799 2132 867 2170 la.
902 2129 943 2170 G
975 2132 1016 2170 1.
1049 2131 1104 2179 43
1138 2129 1411 2169 Schitthiam
1442 2130 1479 2168 F
1514 2132 1563 2178 13
1596 2128 1809 2169 Scittiam
1840 2140 1955 2168 corr.
1989 2128 2231 2168 Scitthiam
2264 2127 2306 2167 G
2336 2129 2377 2168 3.
2442 2127 2562 2174 Quae
2592 2127 2627 2166 L
2657 2128 2681 2165 1
2702 2125 2783 2173 sol.

559 2191 658 2231 1¹20.
703 2189 824 2228 addit
869 2201 910 2230 v.
956 2189 1084 2230 Arch.
1130 2189 1208 2240 IX,
1249 2201 1298 2238 p.
1333 2188 1444 2238 7033
1487 2187 1531 2226 A
1562 2189 1587 2228 6
1621 2189 1955 2226 additamentum
2000 2187 2121 2225 habet
2170 2188 2220 2225 cle
2261 2185 2434 2234 Scithia,
2474 2186 2690 2225 Hiroania
2719 2189 2788 2223 etc.

555 2245 604 2299 h)
638 2249 889 2298 appetisset
919 2249 955 2287 F
991 2249 1032 2291 1.
1152 2247 1187 2298 i)
1219 2247 1477 2287 Avarorum
1507 2248 1547 2286 B
1583 2249 1623 2289 1.
1655 2248 1689 2287 C
1724 2243 1785 2285 ⁸1.
1822 2248 1861 2287 1.
1894 2246 1937 2284 D
1971 2247 2010 2286 2.
2045 2245 2086 2286 G
2118 2248 2158 2287 2.
2277 2243 2328 2296 k)
2361 2249 2515 2294 posset
2546 2246 2586 2284 B
2620 2247 2663 2284 1.
2698 2244 2733 2284 C
2754 2247 2797 2283 1.

558 2307 600 2347 G
633 2309 674 2358 2,
706 2308 800 2348 alii.
922 2306 959 2358 1)
990 2307 1172 2348 Avarus
1205 2307 1246 2346 A
1279 2308 1318 2348 3.
1351 2309 1392 2347 6.
1426 2308 1480 2344 Β.
1514 2306 1551 2344 F
1587 2308 1627 2345 1.
1665 2305 1720 2356 G,
1750 2317 1864 2344 corr.
1898 2305 2101 2344 Avarum
2130 2304 2173 2343 A
2208 2306 2255 2353 23
2303 2303 2561 2343 Avarorum
2593 2303 2627 2344 C
2663 2302 2729 2345 ’1.
2766 2307 2804 2345 1.

556 2367 615 2406 D.
648 2367 684 2405 1³·
719 2367 761 2408 5.
807 2367 852 2405 Η
886 2367 934 2415 1;
981 2365 1161 2406 Avarus
1206 2367 1255 2404 in
1301 2367 1527 2414 archetypo
1572 2365 1777 2414 scriptum
1811 2364 1957 2412 fuisse
1994 2364 2204 2413 putarim,
2236 2364 2309 2402 sed
2338 2368 2489 2402 contra
2510 2363 2645 2413 fidem
2678 2365 2801 2403 codd.

859 2424 898 2462 Ε
933 2428 954 2464 1
998 2427 1184 2474 recipere
1213 2426 1350 2467 nolui.
1484 2422 1549 2473 m)
1580 2425 1691 2463 deest
1720 2424 1759 2463 B
1795 2426 1834 2464 1.
1971 2420 2019 2473 n)
2052 2423 2349 2462 inimicitiam
2378 2422 2420 2462 A
2450 2419 2513 2462 *3.
2658 2420 2709 2473 ο)
2743 2425 2803 2462 ita

859 2483 910 2532 63

557 2424 600 2522 A
631 2427 674 2522 i
705 2425 750 2525 d.
942 2494 1151 2524 reversus
1183 2484 1224 2524 A
1257 2485 1299 2524 2.
1332 2485 1370 2524 B
1408 2486 1447 2524 1.
1483 2482 1534 2523 C.
1566 2483 1624 2521 D.
1655 2483 1707 2522 P.
1743 2481 1811 2531 G;
1844 2483 2091 2522 revertitur
2120 2483 2158 2522 B
2193 2483 2234 2523 2.
2265 2505 2316 2512 —
2348 2492 2449 2531 rep.
2477 2481 2589 2520 deest
2620 2481 2663 2520 B
2687 2483 2731 2524 1.
2766 2483 2802 2522 2.

786 2425 825 2464 5.

780 2484 822 2522 4.

560 2629 618 2696 1)
657 2630 973 2682 Firmiorem
1023 2631 1212 2681 cacani
1247 2631 1414 2696 fidem
1465 2649 1583 2682 eum
1631 2630 1957 2682 Bertharido
2009 2630 2364 2697 coquo-seimus
2414 2647 2479 2682 ex
2515 2630 2707 2682 Eddio
2746 2630 2800 2680 in

555 2703 672 2754 vita
710 2723 752 2754 s.
805 2702 1039 2768 Wiffmldi
1068 2703 1118 2754 Ι.
1158 2703 1510 2756 Eboraeensis
1550 2703 1947 2770 archiepiscopi,
1985 2703 2131 2754 illius
2177 2703 2300 2756 aevi
2337 2702 2605 2770 scriptore,
2650 2703 2805 2770 apud

555 2776 930 2826 Mabillonium
953 2777 1012 2826 in
1051 2777 1340 2842 appendice
1365 2784 1481 2830 tom.
1509 2777 1551 2827 Ι
1556 2777 1613 2829 V.
1655 2779 1854 2829 saeculi
1876 2775 2211 2828 Benedictini
2236 2795 2299 2842 p.
2329 2777 2461 2826 691:
2498 2777 2805 2842 Pergentes

554 2851 757 2915 itaque,
795 2846 974 2900 scribit
1010 2848 1240 2914 Eddius,
1278 2853 1452 2902 sancti
1491 2852 1733 2918 episcopi
1785 2852 1991 2916 (nempe
2040 2849 2317 2915 Wiffridus
2356 2858 2405 2901 et
2449 2850 2803 2916 leeodatus),

557 2925 700 2974 viam
739 2924 970 2974 Domino
1011 2923 1296 2988 dirigente,
1350 2931 1707 2991 pervenerunt
1744 2924 1814 2974 ad
1854 2925 2203 2975 Berchterum
2243 2924 2573 2990 Campaniae
2611 2940 2803 2989 regem

557 2995 680 3061 (hoe
718 3004 796 3048 est
832 2995 1327 3062 Lanqobardorum,
1383 3003 1442 3048 ut
1478 3013 1545 3048 ex
1595 2998 1772 3049 eodem
1820 2995 2072 3063 scriptore
2122 3003 2259 3048 certo
2312 2997 2585 3062 apparet),
2622 2999 2803 3048 virum

554 3070 809 3121 humilem
849 3076 902 3121 et
939 3073 1175 3136 quietum
1205 3077 1259 3121 et
1294 3077 1611 3121 trementem
1649 3087 1923 3123 sermones
1949 3071 2084 3134 Dei;
2124 3071 2217 3136 qui
2254 3072 2565 3137 peregrinos
2603 3087 2802 3122 secun-

557 3143 683 3194 dum
733 3149 1080 3211 praeceptum
1131 3145 1351 3195 Domini
1406 3145 1642 3210 benigne
1701 3146 2015 3210 suscipiens,
2074 3149 2259 3194 sancto
2310 3143 2553 3210 pontifici
2610 3149 2799 3194 nostro

557 3220 864 3268 enunciavit
903 3218 1116 3270 dicens:
1175 3219 1278 3268 ‘De
1317 3219 1597 3268 Britannia
1632 3219 1839 3268 inimici
1876 3219 1955 3268 tui
2004 3218 2228 3268 nuncios
2266 3217 2337 3267 ad
2376 3233 2463 3267 me
2502 3218 2802 3278 mittenteS,

553 3293 664 3342 suis
701 3292 1034 3342 sermonibus
1087 3291 1383 3342 salutantes
1421 3307 1525 3354 me,
1578 3296 1633 3341 et
1672 3291 1813 3342 dona
1849 3291 1981 3341 mihi
2031 3290 2261 3341 maxima
2305 3292 2703 3357 promittentes,
2758 3291 2803 3340 si

552 3369 608 3414 te
646 3365 1138 3430 subterfugientem,
1183 3371 1243 3415 ut
1282 3365 1545 3425 dixerunt,
1600 3364 1909 3431 episcopum
1962 3365 2328 3430 angarizarem
2381 3369 2435 3414 et
2471 3365 2543 3415 ad
2582 3369 2801 3430 aposto-

552 3435 716 3486 licam
754 3438 938 3488 sedem
988 3437 1298 3489 tendentem
1345 3439 1661 3501 retinerem3
1725 3438 1915 3503 quibus
1954 3443 2064 3488 tam
2115 3438 2375 3488 nefariam
2412 3453 2527 3488 rem
2564 3453 2801 3488 renuens

557 3508 697 3559 dixi:
744 3510 884 3560 “Fui
921 3511 1210 3576 aliquando
1248 3513 1304 3561 in
1355 3511 1442 3560 die
1493 3512 1785 3561 iuventutis
1834 3526 1987 3560 meae
2036 3510 2158 3562 exul
2213 3510 2279 3560 de
2326 3513 2502 3578 patria
2542 3511 2801 3577 expulsus

555 3582 653 3632 sub
691 3597 903 3648 pagano
943 3584 1176 3648 quodam
1222 3599 1352 3648 rege
1389 3585 1705 3634 Hunnorum
1753 3584 1971 3648 degens,
2025 3585 2117 3650 qui
2165 3585 2288 3634 iniit
2336 3600 2548 3635 mecum
2605 3584 2803 3635 foedus

553 3656 611 3703 in
665 3654 766 3704 deo
817 3672 912 3707 suo
962 3657 1126 3720 idolo,
1176 3663 1234 3708 ut
1281 3673 1553 3723 nunquam
1604 3673 1688 3708 me
1737 3658 1973 3708 inimicis
2022 3657 2349 3724 prodidisset
2397 3657 2486 3708 vel
2534 3657 2799 3709 dedisset.

553 3727 627 3776 Et
661 3733 784 3793 post
833 3731 1062 3794 spatium
1111 3731 1364 3796 temporis
1413 3738 1676 3782 venerunt
1722 3729 1793 3780 ad
1843 3747 2027 3796 regem
2081 3747 2351 3797 paganum
2409 3747 2657 3782 sermone
2698 3730 2801 3780 ini·

553 3801 813 3850 micorum
862 3817 1097 3853 meorum
1149 3805 1346 3868 nuncii,
1397 3805 1766 3870 promittentes
1806 3804 1909 3856 sibi
1951 3803 2076 3854 dare
2130 3804 2227 3855 sub
2279 3804 2625 3855 iureiurando
2666 3803 2801 3854 soli·

556 3873 743 3924 dorum
781 3889 1058 3926 aureorum
1095 3876 1331 3928 modium
1367 3877 1603 3943 plenum,
1642 3879 1688 3928 si
1709 3893 1793 3928 me
1830 3877 1939 3928 illis
1967 3877 2038 3928 ad
2075 3878 2497 3928 internecionem
2537 3877 2799 3929 dedisset.

555 3945 758 4010 Quibus
798 3963 904 3998 non
943 3952 1280 4002 consentiens
1331 3951 1493 4001 dixit:
1546 3951 1691 4002 ‘Sine
1733 3950 1893 4001 dubio
1936 3952 2013 4001 dii
2047 3951 2213 4001 vitam
2264 3951 2565 4014 succidant,
2603 3952 2653 4002 si
2694 3950 2799 3998 hoc

554 4021 827 4086 piaculum
884 4022 1025 4074 facio
1082 4025 1293 4075 irritans
1348 4029 1566 4090 pactum
1624 4025 1843 4074 deorum
1900 4021 2170 4074 meorum'.
2264 4025 2385 4090 Ego
2422 4040 2551 4075 vero
2589 4027 2797 4090 quanto

555 4096 744 4160 mag-is,
791 4097 882 4160 qui
919 4097 1096 4148 Deum
1133 4113 1318 4148 verum
1358 4098 1491 4161 sci0,
1543 4099 1775 4148 animam
1826 4113 1999 4148 meam
2046 4113 2140 4162 pro
2189 4099 2353 4148 totius
2402 4097 2587 4148 mundi
2634 4097 2797 4147 lucro

553 4168 610 4216 in
665 4168 1021 4234 perditionem
1078 4187 1185 4222 non
1243 4170 1381 4221 dabo
1395 4171 1452 4220 ‘2⁹’
1509 4171 1662 4221 Tunc
1718 4186 1845 4221 vero
1897 4177 2138 4220 sanctum
2186 4169 2499 4236 pontificem
2549 4175 2795 4221 nostrum

556 4246 610 4290 et
647 4257 770 4292 suos
820 4244 994 4296 socios
1037 4260 1156 4295 cum
1204 4245 1402 4294 honore
1443 4250 1497 4294 et
1549 4243 1792 4306 ducibus,
1848 4245 1988 4294 sicut
2025 4259 2145 4294 eum
2182 4244 2447 4295 Dominus
2494 4244 2699 4309 ubique
2739 4242 2797 4292 in

553 4316 981 4379 peregrinatione
1019 4323 1306 4384 protegens
1344 4316 1725 4382 magnificavit,
1777 4316 1848 4366 ad
1900 4317 2255 4383 apostolicam
2302 4318 2485 4369 sedem
2522 4317 2645 4369 olim
2692 4331 2791 4380 op·

548 4389 723 4438 tatam
759 4388 816 4437 in
851 4394 1144 4455 gratiarum
1181 4392 1394 4441 actione
1430 4391 1655 4441 remisit.
1728 4390 1827 4445 131.
2698 4398 2703 4402 ’
