2984 4917
721 388 1023 440 CARMEN
1059 390 1160 439 DE
1202 390 1490 443 SYNODO
1530 388 1923 441 TICINENSI·
2336 391 2443 442 245

375 556 621 636 Quarta
663 553 912 619 decima
965 557 1304 654 provincia
1350 554 1569 621 Sicilia
1610 556 1817 621 insula
1860 565 2281 642 computatur.
2366 558 2447 621 In

198 638 322 703 hac
399 638 688 702 rovincia
726 649 874 704 sunt
917 637 1226 705 ditissime
1269 639 1482 721 urbes,
1524 641 1689 704 inter
1732 662 1890 727 quas
1940 662 2175 725 magna
2218 640 2444 707 civitas

201 732 298 787 est
392 723 747 786 iracusana.

369 806 612 887 Quinta
653 806 904 869 decima
992 806 1276 870 rovincia
1306 804 1571 870 Corsica
1612 806 1837 888 insula,
1884 828 2046 892 quae
2090 806 2305 872 multis
2349 818 2447 873 est

196 889 696 989 promunctoriis
756 911 838 953 an
955 911 1083 953 osa.
1184 888 1386 953 Sexta
1441 890 1691 955 decima
1753 892 2089 975 provincia
2148 890 2445 956 Sardinia

198 971 427 1037 msula.
528 973 712 1054 Quae
755 982 1023 1058 utreque
1069 973 1351 1037 Tirrenis
1393 972 1695 1040 fluetibus
1744 972 2129 1039 ambiuntur.
2216 975 2399 1039 Haec
2422 988 2440 1021 ¹

195 1059 264 1119 in
305 1056 530 1121 Africa
585 1057 746 1119 mari
789 1058 952 1120 facie
996 1058 1250 1153 vestigii
1291 1057 1557 1121 humani
1600 1069 1730 1123 tam
1786 1059 1855 1120 in
1910 1057 2193 1122 horiente
2245 1080 2442 1144 quam

196 1141 262 1203 in
341 1140 672 1204 occidente
738 1137 926 1204 latior
986 1149 1305 1224 prommet
1319 1188 1335 1221 ,
1399 1140 1599 1205 forme
1665 1139 1930 1226 paribus
1977 1139 2283 1206 lateribus
2300 1189 2316 1222 ,
2374 1142 2442 1205 in

193 1222 463 1288 meridie
508 1234 572 1287 et
614 1225 1107 1371 segtentrionem
1149 1233 1326 1308 patet
1366 1224 1434 1287 in
1474 1224 1939 1310 longitudinem
1973 1225 2095 1289 140
2136 1223 2330 1308 milia,
2372 1226 2443 1289 in

189 1306 593 1372 latitudinem
636 1308 678 1369 4

514 1609 607 1665 11.
696 1608 1061 1664 GARMEN
1102 1610 1220 1664 DE
1263 1609 1610 1664 SYNODO
1654 1609 2117 1665 TIOINENSI.

360 1718 442 1781 In
488 1720 706 1783 codice
727 1720 1062 1800 Bobiensi,
1094 1723 1245 1805 jam
1275 1719 1465 1783 Amb
1485 1721 1663 1783 rosi
1675 1744 1777 1783 an
1797 1744 1831 1784 o
1863 1720 1941 1782 E.
1974 1720 2089 1783 147
2122 1742 2290 1804 sup„
2322 1724 2439 1806 qui

187 1803 475 1865 continet
516 1803 864 1869 concilium
915 1802 1430 1870 C'halcedonense
1468 1800 1701 1867 litteris
1754 1802 2140 1888 majusculis
2182 1804 2436 1870 saeculo

190 1895 369 1950 seaeto
430 1888 843 1972 rescriptum,
915 1886 1219 1971 Ulphilae
1279 1888 1558 1969 aliisque
1600 1886 2009 1972 fraqmentis
2069 1885 2308 1968 deletis,
2360 1890 2434 1952 in

184 1970 468 2054 payinis
511 1970 770 2034 duabus
801 1980 958 2054 post
999 1973 1142 2057 ejus
1187 1970 1453 2035 conci-lii
1508 1972 1825 2034 actionem
1868 1974 2167 2053 primam
2206 1974 2437 2035 vacuis

183 2052 431 2117 relictis
503 2052 642 2117 alia
703 2076 942 2118 manus
1001 2055 1370 2119 charactere
1433 2054 1800 2117 minusculo
1866 2053 2115 2117 saeculi
2176 2056 2437 2138 septimi

185 2138 471 2199 inseruit
511 2159 737 2201 versus
781 2138 873 2201 ad
928 2137 1382 2202 celebrandam
1439 2137 1760 2223 synodum
1813 2137 2203 2219 Papiensem
2257 2161 2309 2200 c.
2371 2161 2431 2202 a.

184 2219 333 2283 698.
365 2221 630 2305 jubente
679 2220 1114 2305 Cunincperto
1157 2244 1307 2307 re9e
1365 2222 1745 2303 compositos
1786 2223 2054 2305 reqique
2096 2220 2434 2285 dedicatos

185 2328 230 2365 a
312 2312 455 2368 oeta
498 2326 846 2391 anonymo,
891 2327 1076 2389 quem
1105 2304 1503 2369 Flavianum
1526 2303 1753 2387 fuisse
1783 2305 2054 2388 conjecit
2092 2302 2431 2369 Oltrocchi.

181 2396 224 2465 [
275 2387 357 2451 ed
417 2388 649 2452 litteris
697 2411 1000 2453 versuum
1059 2388 1430 2453 initialibus
1482 2386 1780 2451 Stefanus
1822 2409 1951 2471 mg.
2010 2387 2431 2473 (mayister2)

185 2480 419 2535 auctor
461 2471 758 2537 indicari
798 2473 1075 2552 videtur,
1122 2482 1192 2535 ut
1235 2471 1739 2571 Holder-quer
1780 2472 2083 2548 monuitJ.

354 2553 440 2618 In
487 2553 689 2619 altero
735 2558 927 2620 etiam
979 2557 1198 2621 codice
1240 2555 1556 2620 Bobiensi
1611 2564 1781 2619 inter
1835 2554 2430 2618 Ambrosianos

191 2637 259 2704 C.
289 2637 414 2701 105
445 2638 665 2722 infer„
711 2640 1160 2725 Heqesippum
1189 2640 1551 2703 continente
1580 2637 1814 2703 litter-is
1855 2636 2242 2722 majusculis
2270 2659 2425 2702 ewa-

179 2731 426 2803 ratum,
481 2724 556 2785 in
614 2723 787 2788 calce
839 2723 996 2788 libri
1053 2724 1295 2808 quarti,
1349 2722 1463 2786 ubi
1520 2721 1840 2786 librarius
1882 2723 1956 2785 in
1982 2720 2127 2801 fine
2174 2730 2428 2806 quater-

182 2806 410 2870 nionis
464 2808 755 2890 spatium
808 2807 1164 2892 reliquerat
1208 2808 1511 2892 payinae
1554 2805 1768 2889 paulo
1803 2804 1962 2888 plus
2019 2807 2243 2886 unius,
2290 2804 2430 2871 alia

178 2911 427 2952 manus
455 2888 704 2954 saeculi
738 2892 993 2974 septimi
1021 2893 1317 2954 eoeeuntis
1345 2888 1443 2953 vel
1473 2891 1685 2952 octavi
1725 2890 2015 2953 ineuntis
2059 2889 2431 2954 charactere

177 2972 551 3037 minusculo
610 2974 724 3037 hos
765 2975 948 3058 ipsos
990 2995 1216 3037 versus
1257 2974 1621 3057 descripsit.

354 3056 610 3119 Invenit
653 3078 760 3119 eos
805 3059 1199 3143 primusque
1243 3056 1446 3121 edidit
1501 3054 1842 3134 Oltrocchi,
1886 3053 2061 3117 Eccl.
2107 3051 2427 3116 Mediola-

175 3139 407 3204 nensis
474 3141 799 3220 Historia,
864 3141 1037 3204 Med.
1096 3140 1276 3221 1795,
1338 3139 1432 3220 ΙΙ,
1483 3139 1625 3203 536.
1679 3137 1821 3217 625,
1890 3159 1970 3201 ex
2036 3137 2427 3221 apoyrapho

183 3223 255 3289 C.
301 3222 455 3303 105,
502 3225 676 3309 quod
717 3232 917 3287 totum
950 3226 1093 3288 aeri
1134 3225 1427 3288 incidere
1439 3222 1627 3309 fecit,
1672 3222 1883 3284 variis
1915 3220 2158 3284 codicis
2188 3220 2267 3283 Ε.
2307 3220 2427 3283 147

171 3307 560 3372 lectionibus
603 3310 678 3372 in
721 3312 1024 3391 maryine
1065 3309 1403 3391 indicatis.
1501 3305 1934 3369 Oltrocchium
1975 3305 2234 3387 repetiit
2273 3304 2426 3369 Joh.

175 3390 498 3471 Bofisius,
571 3390 759 3456 Conc.
825 3392 1214 3475 Papiensia,
1285 3389 1463 3455 1852.
1507 3390 1597 3469 4⁰,
1626 3412 1718 3535 ἔ.
1768 3390 1823 3450 1.
1923 3389 2201 3471 [Proya,
2272 3386 2425 3452 Cod.

177 3472 351 3559 dipl.
396 3473 523 3541 III.
567 3474 692 3538 Nr.
735 3473 880 3537 330.
921 3474 1064 3538 353.
1107 3473 1251 3542 363.
1351 3475 1585 3539 Postea

173 3569 252 3623 ut
287 3558 564 3639 videtur,
607 3558 928 3621 ineditum
968 3568 1231 3639 ratus,t
1268 3559 1401 3641 pis,
1447 3579 1580 3621 non
1610 3557 1753 3620 sine
1794 3555 2067 3635 mendis,
2110 3555 2430 3619 mandari

151 3643 356 3729 fecit,
401 3640 494 3707 (δ’.
538 3641 620 3703 Β.
668 3641 1000 3706 d.Wiener
1042 3642 1195 3705 Alea
1246 3644 1280 3703 .'
1331 3640 1511 3720 1871,
1546 3662 1621 3723 p.
1653 3639 1799 3702 473.
1899 3638 2248 3701 Praeterea
2306 3640 2424 3701 im-

158 3748 477 3811 pressum
507 3727 691 3789 estin
723 3725 1236 3808 ephemeridibus
1259 3722 1786 3809 ‘L’archeoqrafo
1814 3723 2155 3802 TriestinO,
2182 3720 2427 3786 Nuova

172 3810 368 3875 serie'
411 3808 466 3890 Ι,
512 3831 587 3892 p.
619 3808 720 3871 85.
806 3808 1052 3873 Fusius
1109 3808 1388 3889 ver0„de
1447 3808 1563 3871 hoc
1597 3807 1888 3891 pretioso
1940 3806 2255 3869 historiae
2298 3827 2427 3869 mo-

170 3902 483 3958 numento
528 3913 743 3975 nuper
785 3894 916 3977 e9it
945 3892 1163 3977 Piper,
1209 3892 1412 3957 ‘Uber
1455 3890 1579 3955 den
1623 3888 2424 3973 kirchenyeschichtlichen

175 3977 462 4041 G'ewinn
524 3998 648 4039 aus
700 3974 1120 4060 Inschriften’
1165 3999 1239 4060 p.
1287 3974 1403 4037 101
1452 3981 1625 4059 squ
1722 3972 1865 4037 Nos
1922 3995 2025 4037 eos
2068 3974 2302 4035 iterum
2345 3992 2427 4035 eoe

165 4066 326 4146 ipso
348 4061 565 4125 codice
594 4059 674 4122 Ε.
698 4059 814 4122 147
847 4061 1336 4124 accuratissime
1367 4057 1850 4140 descripsimus,
1885 4058 2115 4120 varias
2140 4076 2425 4139 apoqra-

163 4145 302 4232 phi
330 4142 395 4211 C.
424 4142 546 4207 105
575 4141 873 4207 lectiones
904 4144 1020 4208 sub
1053 4151 1350 4208 contextu
1383 4148 1773 4204 annotantes
1796 4160 2047 4219 omnes,·
2089 4158 2169 4200 eoe
2232 4136 2424 4201 uibus

168 4232 344 4294 satis
374 4236 584 4315 patet,
627 4227 906 4291 codicem
954 4227 1021 4293 C.
1069 4226 1190 4290 105
1231 4248 1363 4290 non
1407 4246 1542 4289 esse
1565 4224 1825 4308 fontem
1868 4222 2112 4287 codicis
2218 4265 2235 4283 .
2281 4219 2421 4283 147.

369 4376 380 4385 .
1590 4307 1663 4370 L.
1706 4302 2253 4370 BETHMANN.

165 4400 232 4468 1)
273 4400 430 4454 Haec
470 4415 536 4453 ex
575 4396 775 4450 Isidor.
815 4398 904 4450 Et.
927 4398 1019 4449 XI
1025 4398 1083 4461 V,
1125 4399 1177 4460 6,
1219 4400 1308 4449 39.

1692 3470 2095 3556 eifferscheid
2124 3491 2385 3535 carmen
2406 3518 2426 3551 ,
2512 3489 2523 3501 ‘
