2984 4917
455 397 677 449 PAULI
715 397 1064 449 HISTORIA
1103 396 1776 451 LANGOBARDORUM.
1851 401 1993 452 LIB.
2035 403 2110 454 II.
2333 404 2401 456 89

170 563 320 631 bilia
372 575 570 631 noctu
611 565 835 651 signaa
880 565 1021 629 visa
1062 574 1228 646 sunt,
1286 564 1409 630 hoc
1453 575 1550 631 est
1590 566 1816 652 igneae
1875 569 2044 634 acies
2101 570 2168 634 in
2227 572 2400 639 caelo

168 658 613 736 apparuerunt,
676 671 824 714 eum
882 648 1126 714 scilicet
1180 649 1290 735 qui
1332 659 1558 737 postea
1601 651 1838 716 effusus
1882 663 1979 719 est
2027 657 2404 741 sanguinem

171 745 567 800 coruscantes
584 734 631 776 b·
651 746 694 797 1.

326 819 386 882 6.
473 817 715 884 Alboin
755 837 905 882 vero
925 828 949 859 0
993 816 1076 881 ad
1124 817 1378 882 Italiam
1440 839 1587 882 cum
1645 818 2089 906 Langobardis
2154 824 2400 911 profec-

167 911 340 966 turus
396 903 480 969 ab
523 902 745 967 amicis
804 902 937 964 suis
993 901 1224 966 vetulis
1268 906 1290 932 *
1308 901 1673 967 Saxonibus
1693 914 1716 948 ²
1779 905 2091 970 auxilium
2154 909 2339 994 petiit
2355 911 2404 993 ἃ,
2423 919 2498 974 ⁸1».
2533 924 2602 966 '1⁶-

173 995 481 1072 quatenus
528 986 914 1072 spatiosame
979 985 1230 1050 Italiam
1296 1007 1443 1051 cum
1507 985 1798 1072 pluribus
1857 1011 2267 1076 possessurus
2309 994 2402 1058 in-

168 1079 371 1137 traret.
457 1070 567 1134 Ad
610 1093 802 1157 quem
833 1068 1121 1135 Saxones
1156 1068 1303 1156 plus
1348 1092 1542 1156 quam
1585 1071 1852 1156 vigintir
1903 1074 2080 1139 milia
2119 1077 2403 1142 virorum

172 1175 311 1219 cum
369 1155 685 1220 uxoribus
744 1153 935 1218 simul
978 1164 1042 1219 et
1082 1153 1383 1240 parvulis,
1426 1165 1500 1219 ut
1543 1175 1693 1218 cum
1736 1178 1812 1221 eo
1856 1158 1939 1222 ad
1981 1158 2231 1224 Italiam
2260 1185 2402 1246 per-

168 1252 399 1324 gerent,
444 1242 627 1304 iuxta
670 1239 806 1304 eius
834 1235 1227 1303 voluntatem
1255 1246 1585 1303 venerunt.
1649 1238 1795 1305 Hoc
1833 1241 2170 1309 audientes
2216 1246 2400 1312 Chlo-

169 1326 357 1389 tarius
402 1334 468 1390 et
527 1322 969 1408 sigisbertus&
1023 1345 1210 1407 reges
1275 1323 1692 1406 Francorum,
1761 1326 2054 1391 Suavos¹¹
2118 1329 2402 1418 aliasque

172 1419 383 1493 gentes
428 1410 499 1473 in
539 1407 696 1473 locis
742 1405 820 1471 de
852 1407 1085 1505 quibus
1121 1406 1293 1472 idem
1326 1405 1617 1472 Saxones
1662 1410 1950 1474 exierant
2040 1425 2342 1479 osuerunt
2365 1417 2399 1483 i.

328 1493 387 1556 7.
477 1492 662 1556 Tunc
714 1489 953 1555 Albom
1016 1490 1201 1555 sedes
1264 1493 1594 1577 propriaS,
1648 1491 1769 1557 hoc
1836 1503 1932 1558 est
2026 1500 2399 1582 annoniam,

172 1577 383 1641 amicis
429 1577 563 1641 suis
605 1575 903 1639 Hunnis³
950 1575 1315 1657 contribuit,
1361 1597 1436 1640 eo
1482 1575 1728 1641 scilicet
1772 1576 2010 1662 ordine,
2055 1591 2144 1663 ut,
2191 1583 2245 1645 si
2277 1605 2400 1669 quo

170 1668 446 1747 tempore
491 1659 939 1746 Langobardis
980 1681 1243 1724 necesse
1288 1661 1503 1724 essetk
1546 1661 1800 1742 reverti,
1845 1684 1962 1726 sua
2002 1687 2222 1730 rursus
2252 1689 2404 1732 arva

170 1754 521 1830 repeterent
534 1755 581 1813 ⁴.
709 1743 917 1828 Igitur
972 1743 1415 1828 Langobardi,
1492 1742 1715 1808 relicta
1776 1747 2107 1811 Pannonia
2135 1751 2182 1832 ¹,
2256 1773 2402 1817 cum

171 1830 472 1894 uxoribus
545 1838 610 1894 et
669 1827 892 1891 natism
939 1829 1238 1914 omnique
1303 1827 1683 1914 supellectili
1744 1829 1995 1895 Italiam
2059 1846 2403 1920 properant

214 1913 541 1978 ossessuri.
626 1912 1104 1976 Habitaverunt
1120 1923 1143 1958 ⁵
1189 1921 1402 1977 autem
1446 1913 1517 1974 in
1544 1913 1945 1978 Pannoniam
1962 1928 1989 1958 ¹¹
2035 1920 2217 1982 annis
2249 1941 2401 2005 qua-

238 1998 453 2082 aginta
496 1997 763 2062 duobuS.
868 1995 973 2060 De
1067 2017 1153 2059 ua
1201 1997 1443 2080 egressi
1486 2007 1636 2061 sunt
1681 2021 1901 2063 mense
1952 1999 2013 2063 A
2060 1997 2161 2065 rili
2177 2016 2222 2086 ⁰,
2286 2026 2403 2103 per
2419 2028 2520 2070 568.

171 2081 568 2148 indictionem
610 2081 883 2167 primam
896 2089 945 2161 Ρ,
1053 2101 1113 2144 10
1133 2093 1161 2134 ‘1
1220 2081 1323 2145 die
1354 2090 1502 2180 post
1543 2092 1832 2146 sanctum
1875 2023 2115 2169 pasellus
2132 2099 2172 2168 ¹',
2218 2109 2401 2153 emus

171 2164 472 2232 festivitas
535 2187 611 2231 eo
674 2185 840 2229 anno
904 2165 1089 2228 iuxta
1152 2163 1381 2228 calcuh
1446 2166 1761 2230 rationem
1824 2167 1982 2252 ipsis
2002 2179 2024 2210 ⁵
2086 2169 2396 2236 Kalendis

174 2250 494 2335 Aprilibus
513 2254 532 2292 ‘
574 2249 712 2330 fuit,
752 2249 909 2313 ‘cum
950 2249 1080 2312 iam
1123 2271 1163 2312 a
1190 2248 1457 2312 Domini
1500 2249 1977 2315 incarnationeu
2021 2255 2172 2318 anni
2217 2255 2397 2341 quin-

172 2337 334 2418 genti
376 2336 754 2420 sexagintav
801 2341 944 2397 octo
989 2342 1202 2397 essent
1244 2330 1482 2396 evoluti
1501 2343 1544 2394 θ.

177 2498 217 2551 a)
246 2501 350 2540 decet
383 2500 418 2543 C
452 2496 516 2539 ⁸1.
552 2500 591 2538 1.
626 2499 678 2547 23
716 2501 817 2547 post
848 2496 947 2537 add.
980 2497 1023 2536 D
1058 2497 1099 2536 1.
1136 2517 1189 2525 —
1239 2498 1380 2535 noctu
1425 2497 1536 2536 deest
1568 2496 1609 2536 G
1641 2497 1684 2537 3.
1832 2496 1881 2550 b)
1915 2505 2233 2542 coruscantem
2277 2503 2318 2542 A
2349 2505 2402 2554 ὃς

177 2559 514 2600 choruscantem
547 2558 581 2599 G
617 2560 671 2607 13
703 2567 759 2597 eo
792 2577 845 2587 -
879 2559 947 2596 est
988 2555 1190 2594 humano
1234 2555 1459 2604 sanguine
1505 2559 1774 2597 coruscante
1814 2558 1857 2597 D
1893 2561 1915 2598 1
1950 2570 1971 2598 e
2000 2571 2130 2608 corr„
2163 2567 2201 2600 et
2231 2562 2294 2601 ita
2324 2564 2403 2602 alii

176 2618 227 2659 D.
256 2620 355 2659 111.
478 2616 520 2667 c)
552 2618 662 2656 deest
693 2615 734 2655 A
756 2617 797 2656 2.
818 2637 870 2645 -
890 2615 948 2654 ad
979 2615 1089 2653 deest
1123 2613 1157 2654 G
1178 2615 1217 2653 1.
1242 2615 1283 2654 2.
1316 2615 1372 2653 D.
1395 2638 1447 2645 -
1479 2615 1619 2655 Italia
1650 2615 1684 2656 G
1718 2618 1758 2656 1.
1795 2618 1835 2658 2.
1867 2618 1910 2657 D
1930 2621 1970 2661 1.
2064 2619 2110 2671 d)
2141 2621 2258 2670 petit
2273 2621 2323 2663 C.
2341 2623 2400 2662 D.

177 2675 215 2728 e)
232 2676 545 2731 spec(t)iosam
575 2677 613 2716 B
649 2677 690 2716 1.
724 2674 759 2715 Ο
794 2675 834 2714 1.
868 2675 911 2714 D
946 2675 987 2714 1.
1022 2672 1063 2714 G
1096 2673 1146 2722 23
1178 2675 1380 2737 spetiosg
1413 2673 1454 2714 G
1483 2672 1547 2718 ⁸3.
1636 2675 1672 2726 f)
1699 2677 1930 2724 vigintaF
1949 2679 1989 2722 1.
2009 2677 2106 2722 Gl.
2197 2680 2244 2731 g)
2263 2678 2402 2730 sigis-

178 2741 322 2784 pertus
369 2736 410 2778 G
442 2737 472 2775 4
510 2736 785 2785 pler-umqum
831 2732 1087 2782 sigipertus
1130 2733 1167 2770 F
1201 2733 1272 2775 la.
1304 2735 1347 2772 4.
1396 2732 1438 2773 G
1468 2734 1510 2784 8,
1552 2734 1654 2783 alii3
1697 2734 1958 2784 sigibertus
1999 2738 2037 2777 B
2073 2739 2112 2777 1.
2152 2739 2192 2778 G
2225 2741 2264 2789 2,
2297 2741 2403 2790 alii3

178 2793 445 2844 sigilbertus
475 2796 514 2834 B
548 2795 599 2843 23
642 2793 909 2843 sigebertus
939 2791 981 2831 A
1013 2793 1035 2830 8
1053 2802 1065 2840 3
1110 2789 1397 2842 sichipertus
1428 2792 1466 2831 F
1499 2793 1550 2841 23
1593 2792 1872 2835 Gisilbertus
1905 2795 1946 2834 A
1979 2797 2020 2838 2.
2141 2796 2188 2850 h)
2217 2797 2402 2838 Suaevos

179 2853 209 2892 C
241 2857 261 2894 1
288 2857 563 2905 plerumqu23
596 2852 772 2894 suevos
803 2852 846 2891 D
881 2852 920 2890 2.
953 2851 994 2902 3,
1026 2850 1120 2889 alii.
1239 2849 1274 2901 i)
1307 2852 1418 2892 deest
1447 2853 1486 2891 B
1511 2851 1552 2893 3.
1671 2852 1720 2904 k)
1755 2864 1856 2895 esse
1887 2856 1988 2896 Ae.
2123 2855 2159 2908 l)
2191 2858 2405 2898 Panonia

180 2912 216 2953 G·
246 2916 294 2963 13
322 2914 617 2955 Pannoniam
646 2913 684 2951 B
723 2915 762 2953 1.
792 2912 828 2950 F
863 2912 904 2950 1.
967 2907 1029 2960 m)
1064 2909 1163 2948 nati
1192 2909 1229 2948 F
1264 2912 1304 2951 1.
1413 2909 1461 2960 n)
1495 2911 1559 2949 ita
1591 2909 1632 2950 A
1665 2913 1703 2957 1.
1739 2914 1778 2954 2.
1814 2914 1852 2953 Β
1889 2915 1928 2953 1.
1960 2915 1997 2954 F
2031 2917 2072 2956 1.
2164 2915 2210 2968 o)
2228 2917 2404 2968 Aprilis

177 2972 211 3011 B
242 2975 293 3023 13
323 2972 486 3025 Aprile
516 2973 554 3011 F
574 2974 615 3012 1.
651 2970 759 3019 (313
791 2968 954 3018 Apreli
986 2968 1021 3010 C
1053 2965 1116 3008 ’1.
1152 2967 1250 3008 G3.
1371 2967 1421 3020 p)
1454 2971 1607 3018 prima
1630 2971 1667 3009 F
1688 2974 1740 3021 13
1773 2973 2024 3013 indictione
2055 2975 2208 3024 prima
2240 2976 2338 3018 Ge.
2357 2977 2404 3025 33

178 3036 218 3070 et
258 3033 508 3073 indictione
550 3031 702 3080 prima
734 3028 775 3070 G
806 3026 870 3071 ‘3.
1021 3023 1067 3076 q)
1098 3026 1193 3066 alia
1222 3028 1260 3067 B
1296 3030 1366 3067 la.
1399 3029 1440 3068 3.
1477 3027 1519 3068 G
1550 3027 1592 3069 3.
1625 3030 1672 3071 4.
1704 3031 1727 3070 1
1761 3033 1802 3073 1.
1949 3032 1988 3084 r)
2020 3031 2260 3087 pasch(a)e
2291 3034 2332 3073 A
2364 3037 2406 3076 3.

178 3090 212 3129 Β
242 3094 280 3133 1.
314 3093 353 3137 2,
382 3093 421 3131 F
456 3092 510 3140 23
540 3093 645 3140 post
676 3087 1059 3129 resurrectionem
1094 3084 1135 3125 G
1166 3086 1207 3126 2.
1330 3085 1369 3137 s)
1402 3088 1494 3137 ipsi
1524 3088 1561 3126 F
1593 3089 1632 3127 1.
1755 3088 1790 3140 t)
1825 3090 1997 3140 Aprilis
2028 3092 2065 3130 B
2087 3093 2126 3133 1.
2163 3092 2261 3133 (32.
2295 3095 2404 3140 s.4;

178 3147 348 3200 Aprelis
380 3151 424 3192 G
459 3153 509 3199 13
540 3150 618 3189 alii
647 3147 778 3198 Apri.
813 3146 961 3197 April.
993 3145 1057 3184 vel
1087 3143 1193 3194 Apl.
1226 3145 1433 3186 scribunt.
1525 3143 1574 3197 u)
1607 3147 1979 3189 incarnationem
2007 3150 2043 3188 F
2062 3152 2102 3192 1.
2194 3149 2242 3202 v)
2263 3162 2407 3192 nona-

184 3209 300 3258 ginta
329 3211 375 3251 in
408 3210 501 3249 loco
530 3219 667 3249 vacuo
698 3207 843 3246 relicto
869 3209 971 3254 poet
1000 3203 1101 3243 add.
1135 3202 1177 3242 G
1208 3204 1261 3254 83
1296 3207 1343 3244 et
1372 3207 1475 3244 octo
1505 3205 1544 3244 B
1580 3207 1620 3246 1.

184 3338 233 3407 1)
268 3342 416 3394 Haec
461 3358 525 3394 ea:
572 3336 814 3407 Gregorii
856 3333 1003 3387 libris
1048 3342 1223 3385 sumta
1276 3343 1431 3395 stent,-
1489 3335 1687 3387 Homil.
1725 3353 1814 3402 pr.
1860 3337 1916 3388 in
1973 3355 2192 3407 evanq..·
2249 3337 2402 3395 Prius

182 3430 326 3480 quam
369 3416 531 3467 Italia
585 3412 776 3482 gentili
832 3409 1015 3476 gladio
1072 3409 1315 3459 ferienda
1370 3408 1686 3471 traderetur,
1743 3411 1929 3476 igneas
1967 3413 2024 3463 in
2064 3414 2217 3466 coelo
2258 3419 2404 3468 acies

181 3488 415 3551 vidimus,
471 3491 752 3556 ipsumque
811 3485 902 3550 qui
957 3488 1145 3550 postea
1189 3481 1408 3533 humani
1477 3485 1691 3548 generis
1745 3484 1893 3536 fusus
1951 3492 2033 3537 est
2088 3491 2404 3554 sanguinem

184 3569 547 3627 coruscantes;
604 3562 673 3627 cs.
712 3557 863 3610 Dial.
922 3554 1039 3616 III,
1096 3554 1184 3606 38.
1408 3552 1465 3620 2)
1510 3553 1589 3620 CJ'.
1647 3554 1730 3617 II,
1778 3557 1864 3611 26.
1925 3559 2080 3628 Greq.
2128 3560 2258 3614 Tur.
2295 3563 2400 3626 IV,

182 3634 261 3686 37.
296 3638 409 3687 ΒΕ.
449 3631 739 3702 Sequentia
774 3647 839 3682 ex
878 3629 1054 3681 eodem
1091 3627 1133 3678 I
1137 3627 1196 3693 V,
1234 3628 1324 3678 43.
1376 3627 1436 3691 V,
1466 3629 1555 3679 15.
1704 3627 1763 3696 3)
1802 3630 1839 3683 i.
1878 3649 1918 3684 e.
1956 3631 2243 3688 Avaribus.
2323 3637 2403 3702 Of.

184 3706 226 3770 I,
261 3709 345 3761 27.
382 3711 497 3761 ΒΕ.
646 3704 707 3773 4)
748 3703 829 3772 Cf.
860 3701 1051 3755 claron.
1080 3702 1251 3764 Goth„
1290 3699 1382 3752 ubi
1419 3703 1605 3753 eadem
1643 3720 1707 3754 ex
1735 3703 1841 3756 alio
1866 3706 2025 3771 sonte
2063 3708 2259 3761 hausta
2295 3717 2402 3761 tra-

183 3780 386 3835 duntur.
536 3781 595 3848 ὅ)
634 3780 1033 3831 Habitaverunt
1090 3803 1158 3814 —
1217 3775 1421 3842 pascha
1477 3792 1542 3826 ex
1587 3773 1750 3844 Oriq„
1807 3779 1900 3830 ubi
1954 3788 2128 3833 tamen
2184 3781 2401 3850 leyitur=

184 3869 351 3907 mense
376 3855 576 3923 Aprilis
603 3871 637 3905 a
674 3853 894 3920 pascha,
932 3849 992 3901 id
1016 3848 1160 3916 quod
1184 3849 1317 3915 ‘post
1343 3846 1569 3914 pascha'
1609 3857 1816 3902 tantum
1851 3852 2148 3920 siqnificare
2174 3857 2400 3909 videtur.

187 3924 261 3992 C's.
311 3926 542 3981 Secwndi
576 3928 943 3994 fragmentum
993 3939 1161 3989 supra
1188 3940 1251 3987 p.
1297 3922 1361 3970 18
1411 3939 1468 3972 π.
1525 3923 1575 3972 3.
1626 3923 1840 3977 editum.
1942 3926 2012 3978 I‘n
2062 3929 2176 3980 cod.
2235 3927 2401 3998 Sanq.

187 3999 279 4052 Nr.
316 4003 439 4055 907.
477 4020 520 4054 ⁸.
558 3999 659 4052 IX.
686 4000 741 4066 f.
782 3999 869 4050 26.
907 3997 1044 4048 inter
1080 3994 1221 4047 abias
1270 4003 1560 4062 temporum
1607 3998 2015 4062 computationes
2062 4001 2278 4069 lory-itur:
2318 4004 2403 4054 De

184 4075 432 4143 principio
472 4074 657 4126 mundi
692 4087 861 4139 usque
902 4071 972 4121 ad
1012 4070 1344 4121 nativitatem
1384 4069 1587 4120 domini
1636 4074 1800 4123 nostri
1841 4073 2003 4125 Ihesu
2043 4075 2241 4126 Christi
2279 4078 2405 4126 anni

185 4154 297 4200 sunt
333 4149 492 4212 5229,
533 4154 588 4199 et
623 4149 703 4199 sic
740 4152 896 4197 natus
937 4150 1017 4196 est
1053 4143 1297 4194 Tiberius
1334 4143 1638 4209 imperator,
1676 4146 1730 4194 in
1755 4147 2095 4198 Hierusalem
2145 4155 2403 4214 regnante

186 4218 390 4274 Herode
427 4238 573 4288 rege.
649 4220 695 4271 A
721 4219 984 4287 principio
1024 4215 1210 4268 mundi
1234 4230 1402 4282 usque
1441 4216 1789 4282 Langobardi
1813 4220 1869 4270 in
1894 4220 2102 4272 Hitalia
2139 4223 2404 4288 priserunt

187 4296 303 4345 anni
337 4303 459 4348 sunt
494 4294 657 4355 5772,
713 4300 951 4359 tempore
991 4291 1287 4342 Iustiniano
1342 4290 1693 4355 imperatoris.
1881 4291 1938 4359 6)
1981 4292 2060 4359 Cf.
2098 4311 2236 4360 quae
2277 4295 2404 4347 Gre-

183 4366 351 4430 gorius
388 4369 464 4421 M.
520 4365 703 4419 indict.
745 4367 831 4431 13,
889 4362 977 4417 lib.
1029 4363 1086 4428 V,
1144 4363 1232 4427 21,
1290 4362 1363 4413 ad
1401 4361 1765 4416 Constantiam
1823 4374 2104 4434 anqustam
2160 4368 2397 4435 scripsit:
