2984 4917
325 3907 504 3955 ’.δι

524 379 594 429 26
979 380 1200 433 PAULI
1239 374 1583 433 HISTORIA
1625 380 2301 435 LANGOBARDORUM.

539 547 640 629 VI,
680 547 740 611 3.
777 546 872 611 10.
910 548 1007 612 16.
1046 546 1314 614 18—27.
1355 546 1457 613 30.
1501 547 1603 613 33.
1638 544 1745 613 35.
1789 547 1891 614 38.
1934 548 2038 613 44.
2076 548 2180 612 45.
2220 546 2307 612 50
2331 548 2494 613 -52
2534 548 2618 613 55
2659 548 2769 612 his

519 628 746 697 diebus
791 670 870 681 -
913 632 1170 697 nomine
1211 631 1388 713 fuit).
1473 632 1739 698 Desinit
1778 633 1857 697 in
1899 632 2107 699 verbis
2150 653 2317 718 quae
2358 632 2446 697 ad
2483 632 2764 718 perticas

520 720 554 797 (
573 714 674 798 VI,
703 714 845 798 55),
889 716 1113 782 ultimo
1143 717 1598 817 quaternionis
1618 714 1799 801 folio
1832 718 2073 782 amisso
2082 738 2107 796 ,·
2154 738 2321 802 quae
2355 716 2497 781 alia
2526 739 2577 782 s.
2608 717 2763 780 XII.

518 820 755 948 mainus
798 822 878 864 su
919 798 1102 885 plere
1143 801 1389 947 inclep2it
1429 799 1542 865 sed
1584 822 1717 865 non
1746 798 1995 882 finivit.
2058 799 2167 865 Ita
2208 800 2601 882 Bethmann,
2649 801 2771 887 qui

517 904 590 949 co
641 906 798 948 icem
905 906 1084 949 omae
1127 906 1237 949 evo
1264 906 1328 949 vi
1357 928 1374 947 .

687 965 826 1052 (14)
895 967 956 1031 Α
1005 968 1068 1031 4.
1173 968 1765 1033 Bononiensis
1836 964 1909 1032 S.
1976 964 2347 1032 Salvatoris
2418 967 2544 1031 Nr.
2611 966 2761 1047 276,

518 1052 773 1118 membr.
816 1050 879 1113 4.
922 1074 974 1115 s.
1017 1050 1146 1133 XI,
1198 1054 1418 1136 primo
1477 1052 1905 1136 quaternione
1961 1059 2331 1134 truncatus,
2388 1052 2530 1115 inci
2580 1052 2631 1115 it
2684 1052 2764 1115 in

519 1136 729 1201 medio
786 1136 1076 1199 carmine
1117 1135 1174 1217 I,
1216 1135 1334 1201 26.-
1401 1134 1612 1199 Pestis
1668 1134 1758 1207 ini
1803 1155 1907 1198 ua.
2004 1134 2157 1200 Post
2206 1137 2469 1199 tertium
2546 1135 2766 1199 ibrum

521 1219 781 1284 numeri
822 1218 1149 1304 capitibus
1194 1241 1330 1284 non
1357 1220 1509 1304 jam
1556 1219 1780 1284 adscri
1819 1227 2045 1283 untur.
2114 1217 2329 1285 Oodeae
2358 1240 2439 1283 eoe
2468 1220 2766 1305 genuino

501 1302 745 1450 fonted
763 1302 1076 1383 haustus,
1135 1302 1348 1388 plura
1404 1312 1618 1367 tamen
1665 1304 2059 1388 posterioris
2116 1305 2423 1389 temporis
2480 1303 2769 1389 vestigia

521 1396 696 1452 osten
750 1387 814 1450 it.

688 1468 828 1557 (15)
867 1470 937 1534 -A
973 1470 1033 1534 5.
1164 1471 1613 1535 Vaticanus
1698 1469 2302 1535 Ottobonianus
2374 1468 2501 1533 Nr.
2579 1468 2765 1549 1702,

521 1554 729 1619 chart.
773 1576 823 1617 s.
853 1553 1033 1637 XIV,
1076 1555 1229 1620 olim
1271 1552 1848 1640 Altaempsianus,
1907 1554 2023 1620 ubi
2054 1553 2258 1619 Pauli
2301 1554 2606 1618 Historia
2635 1553 2770 1617 Ro-

519 1661 722 1703 mana
765 1647 825 1702 et
859 1638 1454 1725 Langobardorum
1495 1646 1653 1703 sunt
1694 1660 1815 1703 con
1834 1640 2101 1703 unctae.
2187 1638 2369 1703 Haec
2413 1638 2659 1702 desinit
2700 1636 2770 1718 V,

522 1722 626 1786 40.
655 1724 729 1787 in
778 1722 1017 1786 verbis:
1059 1744 1279 1808 regem
1319 1743 1480 1802 esse,
1525 1720 1771 1787 ultimis
1832 1722 1959 1787 ibri
1980 1722 2181 1807 foliis
2224 1724 2455 1787 vacuis
2497 1720 2768 1785 relictis.

691 1805 831 1893 (16)
875 1806 938 1869 A
967 1806 1070 1870 5⁸.
1172 1806 1809 1871 Vindobonensis
1854 1807 2133 1871 Archivi
2186 1806 2416 1892 imper.
2468 1804 2593 1868 Nr.
2641 1804 2765 1869 771

521 1896 555 1973 (
570 1889 934 1956 Universal.
963 1888 1060 1973 5),
1101 1890 1309 1955 chart.
1341 1913 1390 1954 s.
1419 1890 1563 1971 XV,
1606 1913 1753 1955 cum
1770 1890 2199 1976 praecedenti
2218 1893 2317 1957 ita
2346 1891 2664 1969 convenit,
2697 1897 2773 1952 ut

521 1977 664 2061 ejus
686 1996 730 2038 a
782 1974 1150 2060 oyraphum
1173 1974 1494 2039 videatur.
1561 1972 1745 2048 Quae
1772 1976 1867 2039 ibi
1896 1974 2151 2054 desunt,
2180 1995 2419 2038 manus
2445 1974 2773 2037 recentior

521 2080 725 2209 εῐιμῃᾶ
757 2060 849 2121 vit
888 2080 969 2123 eoe
1013 2059 1230 2124 codice
1274 2058 1561 2143 quodam
1604 2057 1837 2124 classis
1886 2056 1944 2124 C
1975 2057 2075 2122 vel
2115 2058 2205 2122 D.
2291 2057 2491 2121 Hunc
2535 2056 2773 2123 evolvit

729 2190 743 2205 .
801 2142 892 2206 W.
950 2142 1388 2209 Wattenbach.

691 2225 828 2315 (17)
887 2226 1091 2291 A5b.
1193 2226 1867 2291 Vindobonensis
1930 2225 2058 2287 Nr.
2125 2225 2249 2289 104
2312 2224 2523 2308 (Hist.
2573 2222 2768 2309 prof.

520 2310 646 2375 516
646 2314 702 2392 ),
747 2333 809 2374 a.
848 2310 1026 2377 1464.
1098 2310 1333 2377 Jacobi
1373 2310 1721 2376 Parleonis
1762 2307 2207 2373 Ariminensis
2265 2309 2423 2373 'uris
2461 2307 2769 2389 doctoris,

521 2403 657 2457 tum
702 2392 1032 2471 Sambuci‚
1092 2398 1378 2479 scriptus
1432 2400 1657 2460 ‘manu
1710 2395 1836 2458 mei
1880 2392 2155 2479 Georgii
2248 2391 2386 2456 telle
2473 2390 2773 2455 uondam

520 2476 763 2541 Facini
805 2479 968 2541 civis
1007 2478 1270 2558 Janue',
1313 2478 1570 2543 membr.
1614 2501 1666 2542 s.
1708 2477 1847 2545 XV.
1931 2477 2233 2542 Pmaeime
2280 2476 2371 2541 ad
2504 2475 2545 2540 5
2591 2498 2772 2541 acce-

429 2574 434 2578 '
527 2559 657 2642 dit,
759 2583 988 2625 uocum
1048 2562 1243 2625 etiam
1301 2562 1671 2627 Historiam
1724 2562 2099 2626 Romanam
2143 2560 2351 2626 addit.
2424 2558 2771 2624 Peculiare

522 2652 631 2724 est,
752 2690 768 2707 .
811 2644 1294 2710 Wattenbachio
1334 2655 1644 2728 monente,
1690 2645 1867 2731 quod
1893 2645 2146 2710 indices
2160 2653 2318 2731 post
2358 2643 2598 2721 librum
2628 2665 2770 2707 secc-

523 2737 657 2791 tum
701 2726 944 2793 collecti
983 2728 1323 2793 habentur.

693 2809 832 2896 (18)
876 2809 940 2875 A
969 2814 1029 2877 6.
1101 2811 1610 2895 Parmensis,
1653 2814 1756 2877 De
1800 2813 1999 2877 Rossi
2038 2812 2132 2893 II,
2177 2811 2286 2893 IV,
2332 2810 2473 2892 126,
2507 2811 2769 2876 membr.

523 2918 575 2958 s.
602 2895 754 2959 XII.
796 2918 896 2963 em.
936 2894 997 2978 8,
1038 2919 1244 2961 manu
1294 2900 1611 2961 continua
1652 2898 2011 2962 Beneventi
2052 2899 2338 2981 scriptus
2379 2895 2477 2960 vel
2518 2917 2599 2959 ex
2640 2895 2771 2961 Be-

523 2988 880 3044 neventano
934 2990 1256 3065 exceptus.
1341 2980 1497 3045 Post
1553 2980 1837 3046 Paulum
1891 2982 2237 3066 leyuntur:
2319 2978 2426 3043 Ab
2484 2976 2773 3044 adventu

521 3062 1091 3149 Longobardorum
1134 3085 1211 3128 us
1257 3086 1336 3129 ue
1379 3063 1465 3129 ad
1506 3086 1745 3129 annum
1787 3064 2004 3130 domni
2038 3062 2393 3129 Grimoaldi
2436 3071 2585 3127 sunt
2612 3064 2771 3127 anni

523 3169 748 3229 ccxm;
807 3148 1117 3233 epistolae
1226 3148 1400 3213 aroli
1440 3158 1501 3215 et
1541 3148 1821 3214 Alcuini
1858 3149 2139 3233 fictitiae
2194 3153 2309 3231 (ex
2366 3148 2483 3212 boc
2542 3148 2769 3215 codice

521 3235 698 3317 typis
757 3233 954 3298 datae
1017 3233 1104 3297 N.
1162 3231 1361 3297 Arch.
1405 3233 1476 3315 I,
1530 3258 1608 3319 p.
1670 3233 1859 3313 169),
1924 3231 2341 3298 Constantini
2402 3241 2461 3297 et
2522 3232 2771 3298 Karoli

525 3315 854 3400 epistolae.
941 3316 1148 3382 Foliis
1192 3317 1445 3402 aliquot
1487 3318 1866 3403 deperditis,
1910 3316 2112 3381 Pauli
2150 3338 2315 3401 opus
2354 3316 2619 3380 lacunis
2658 3315 2765 3381 la-

520 3399 707 3464 borat
751 3406 838 3483 (e.
877 3422 978 3485 qr.
1009 3400 1062 3480 I,
1096 3402 1360 3483 6—15).
1445 3401 1794 3466 Librorum
1851 3400 1915 3464 V.
1960 3409 2018 3463 et
2062 3401 2163 3465 VI.
2213 3401 2507 3465 ordinem
2549 3402 2766 3485 scrip-

522 3492 625 3547 tor
665 3486 942 3630 miutavit
970 3484 1085 3584 (V,
1135 3484 1232 3547 11.
1289 3485 1392 3566 VI,
1433 3486 1494 3549 5.
1557 3486 1624 3566 V,
1669 3486 1771 3584 30ς
1838 3484 1905 3564 V,
1954 3484 2052 3549 12.
2098 3484 2197 3549 14.
2245 3483 2491 3585 [5313.
2532 3483 2633 3565 VI,
2660 3486 2765 3584 4),

523 3568 1254 3737 ῗαῖἷαῗῗρῖῧῗὲἷρξιῗ
1274 3568 1639 3735 .ῗ.ῗ.ῖα4ῗ)τ’ς
1668 3568 1738 3717 ΞΖ
1741 3591 1813 3717 ²?
1815 3674 1840 3734 ,·
1853 3568 2006 3735 ’ῗῖῗτίζ
2010 3590 2093 3715 ²51⁰
2108 3568 2465 3732 θῖᾶὲἒοέἑῦ,
2486 3567 2770 3719 εἷωῖῗέἕ

521 3755 762 3883 ἔιὶουαπόι
825 3736 1116 3884 σαρὲταέι
1142 3736 1493 3884 ἦπᾶἑοῗπὲ
1521 3736 1687 3883 labro
1736 3736 1801 3800 V.
1831 3738 2205 3886 pgagmisit.
2297 3734 2554 3801 Codicis
2596 3738 2770 3801 noti-

575 3840 715 3935 am*
730 3841 974 3967 Hoqc’lem
999 3828 1840 3968 OmooneiileeYsi'jiiiblzafligi2
1875 3830 2284 3985 ogaifionm,
2344 3927 2388 3968 a
2448 3904 2505 3968 b.
2548 3928 2629 3968 m.
2678 3901 2771 3974 G.

525 3986 611 4049 H.
640 3985 825 4050 Pertz
869 3986 1198 4073 descripta
1242 4010 1321 4051 ex
1357 3987 1735 4052 Annalibus
1859 3989 2182 4053 acentinis
2228 3986 2575 4053 Gibellinis
2618 3989 2767 4052 cod.

521 4070 961 4135 Londinensis
994 4070 1249 4135 Harlei.
1280 4071 1407 4135 Nr.
1438 4070 1604 4136 3678
1648 4078 1739 4156 (v.
1773 4070 1897 4137 SS.
1928 4071 2180 4152 XVIII,
2274 4119 2288 4135 .
2318 4072 2445 4136 409
2446 4074 2513 4152 ):
2556 4071 2771 4155 Igitur

522 4174 664 4217 cum
682 4154 1208 4254 ’circumquaque
1253 4194 1332 4204 —-
1379 4154 1725 4241 subiugata
1768 4164 1881 4237 est,
1927 4156 2127 4220 Pauli
2168 4094 2404 4221 librum
2444 4154 2541 4254 fl,
2594 4177 2764 4220 non-

522 4238 728 4385 nulli{
783 4240 1056 4321 omissis,
1101 4239 1376 4324 praebet
1430 4262 1511 4303 eoe
1573 4239 1789 4305 codice
1843 4237 1906 4302 A
1946 4238 2007 4303 5.
2054 4241 2093 4304 6
2146 4239 2337 4304 valde
2396 4238 2601 4304 simili
2652 4238 2763 4303 de-

519 4344 696 4408 scrip
727 4346 856 4388 um.
