2984 4917
466 417 685 470 PAULI
724 417 1073 472 HISTORIA
1108 417 1783 470 LANGOBARDORUM.
1859 419 2004 471 LIB.
2042 421 2116 472 11.
2325 424 2426 474 101

190 585 484 648 cimoniis
512 585 874 651 Ydrontum
890 595 937 648 ⁸.
966 583 1208 671 Apulia
1227 597 1246 631 ¹
1276 594 1493 650 autem
1535 605 1575 648 a
1603 585 2001 684 perditioneb
2033 590 2426 673 nominatum

190 669 375 733 citius
408 669 579 733 enim
621 668 715 733 ibi
758 667 907 733 solis
951 667 1307 734 fervoribus
1337 678 1544 734 terrae
1571 671 1844 734 virentia
1886 671 2258 756 perduntur.

351 753 437 818 22
452 763 496 816 ⁰.
585 752 783 817 Sexta
839 751 1089 818 decima
1143 753 1475 838 provincia
1534 752 1794 818 Siciliad
1851 755 2059 819 insula
2122 767 2426 855 conputa-

188 845 307 900 tur.
410 836 595 918 Quae
610 847 649 879 θ·
671 848 695 882 ²
740 837 1029 921 Tyrreno
1090 837 1252 900 mari
1295 859 1409 902 seu
1437 838 1656 902 Ionios
1709 836 1993 903 alluitur'
2030 839 2108 904 de
2129 851 2153 886 ³
2201 840 2426 905 Sleuli-

230 931 355 985 uess
402 918 630 985 ducis¹³
672 921 971 1006 proprioi
1016 921 1275 984 nomine
1302 931 1728 1007 nuncupatur.
1797 921 1880 987 Se
1929 923 2130 988 timak
2176 923 2426 990 decima

242 1005 477 1087 orsiea3
549 1014 773 1068 octava
826 1004 1075 1068 decima
1134 1003 1430 1070 Sardinia
1486 1007 1764 1092 ponitur.
1941 1027 2060 1072 uae
2117 1017 2424 1094 utraeque

184 1087 515 1173 Tyrrenis¹
560 1087 861 1153 fluetibus
904 1088 1274 1154 ambiuntur
1286 1100 1331 1153 4.
1415 1090 1618 1154 Porro
1664 1089 1930 1156 Corsica
1971 1103 2054 1155 a¹¹¹
2099 1091 2262 1156 duce
2307 1115 2423 1157 suo

188 1172 454 1255 corson,
501 1171 800 1236 Sardinia
842 1195 882 1236 a
926 1172 1206 1255 Sarde0,
1252 1171 1598 1238 Herculisl’
1644 1172 1793 1256 filio,
1837 1176 2203 1240 nominatur
2215 1188 2265 1239 ⁴³.

347 1256 453 1322 23.
544 1256 810 1322 Certum
855 1266 951 1321 est
992 1267 1243 1338 tamen,
1286 1256 1622 1342 Liguriam
1667 1269 1769 1323 etr
1812 1269 2062 1344 partem
2094 1260 2424 1342 Venetiae,

180 1339 483 1406 Emiliam
583 1363 797 1426 uoque
840 1338 1459 1426 Flamminiamque⁵
1519 1350 1765 1407 veteres
1840 1343 2424 1429 historiographos‘

180 1423 503 1489 Galliamu
615 1423 957 1511 isalpinam
1013 1422 1388 1511 appellasse.
1489 1425 1651 1490 Inde
1709 1434 1834 1504 est,
1897 1427 2070 1524 Quod
2126 1428 2454 1514 Donatus

179 1509 1472 1656 qusitione„‚{(ergilii
1489 1522 1534 1592 Υ·
1556 1521 1580 1555 ⁵
1645 1511 1976 1575 Mantuam
2018 1511 2103 1574 *In
2163 1506 2421 1576 ‘Galliaw

179 1615 311 1657 esse
372 1593 575 1675 dixit3
631 1617 697 1656 m
744 1614 907 1678 eque
951 1603 1067 1674 est,
1127 1593 1299 1678 quod
1342 1617 1410 1656 m
1455 1590 1750 1658 Romana
1801 1595 2108 1660 historia¹
2152 1594 2418 1681 legitur⁶

179 1676 541 1741 Ariminum
605 1677 675 1741 in
740 1675 953 1741 Gallia
1016 1677 1451 1742 constitutum.
1567 1678 1902 1764 Siquidem
1975 1679 2419 1764 antiquissimo

177 1752 509 1848 tempore?
552 1760 846 1825 Brennus
865 1759 1438 1849 {rer-(Gallorum,
1484 1762 1597 1908 Ἤιί
1641 1772 1800 1848 aput
1828 1762 2115 1828 Senonas
2157 1763 2423 1829 urbem⁸¹

176 1846 514 1930 regnabat,
572 1867 721 1908 cum
763 1840 1063 1910 trecentis
1105 1844 1364 1910 milibus
1412 1843 1516 1909 Ga
1563 1868 1746 1910 orum
1791 1847 2119 1912 Senonum
2170 1846 2253 1911 ad
2294 1847 2420 1912 Ita-

173 1925 319 1992 liam
362 1929 582 1994 venitb
641 1950 913 2014 eamque
954 1941 1201 2014 usque⁰
1243 1928 1327 1992 ad
1372 1928 1826 2014 Senogalliam,
1885 1952 2050 2017 quae
2092 1953 2132 1994 a
2177 1929 2420 1995 Grallis‘¹

178 2011 535 2080 Senonibus
578 2013 859 2077 vocitata
899 2024 1014 2095 est,
1074 2013 1415 2098 occupavit
1428 2025 1473 2076 θ.
1563 2013 1777 2079 Causa
1828 2024 2044 2079 autem
2088 2036 2204 2080 eur
2247 2014 2420 2079 Galli

176 2096 240 2160 in
276 2097 573 2162 Italiamf
629 2097 965 2162 venerint&
1022 2095 1181 2161 haec
1234 2097 1431 2160 fuisse
1488 2096 1888 2163 describitur.
1975 2097 2154 2163 Dum
2200 2099 2416 2164 enim¹¹

175 2182 387 2246 vinum
435 2181 883 2267 degustassent
924 2180 1005 2245 ab
1048 2179 1263 2246 Italiai
1324 2179 1624 2263 delatum,
1670 2181 1977 2246 aviditate
2022 2182 2158 2245 vini
2199 2181 2415 2246 inlecti

175 2341 217 2394 a)
248 2345 443 2386 Idrontu
473 2343 583 2393 A43
614 2345 905 2396 Hydrontum
936 2343 977 2383 A
995 2340 1067 2393 '23
1100 2344 1379 2384 Hidrontum
1408 2344 1446 2384 B
1466 2345 1518 2393 23
1550 2344 1865 2384 Idromantum
1897 2355 2010 2384 corr.
2041 2345 2280 2385 Idrontum
2315 2344 2355 2385 G
2373 2345 2414 2396 8,

175 2407 209 2442 et
236 2404 297 2443 ita
328 2404 368 2445 A
401 2405 445 2455 8,
494 2404 588 2444 alii.
622 2425 674 2435 —
728 2403 845 2450 Quae
872 2403 911 2442 L
945 2405 967 2443 1
1017 2403 1136 2442 addit
1166 2415 1205 2444 v.
1254 2402 1413 2441 Archiv
1446 2403 1522 2450 IX,
1553 2414 1598 2452 p.
1632 2403 1732 2444 688.
1881 2402 1930 2454 b)
1962 2404 2272 2454 perditionem
2302 2404 2339 2443 F
2374 2405 2416 2444 1.

175 2459 215 2512 e)
244 2463 305 2502 ica
336 2465 613 2514 distinquum
643 2463 692 2502 in
721 2462 859 2502 indice
890 2463 1052 2502 codices
1082 2461 1139 2501 A.
1172 2463 1227 2501 B.
1262 2460 1313 2503 C.
1346 2462 1405 2502 D.
1439 2463 1477 2502 Ε
1511 2464 1666 2509 omnes,
1701 2467 1738 2501 ec
1768 2462 1816 2501 in
1847 2467 1962 2502 textu
1993 2464 2032 2504 A
2052 2464 2091 2502 2.
2126 2461 2188 2504 ’8.
2223 2463 2263 2505 8.
2297 2464 2340 2504 4.
2372 2462 2415 2505 5.

173 2522 209 2560 B
241 2524 277 2562 1.
310 2524 355 2563 D
389 2525 433 2564 2.
470 2523 509 2566 8.
542 2523 585 2561 4.
618 2522 661 2563 8.
693 2522 730 2561 F
761 2523 805 2562 4.
840 2521 883 2564 5.
916 2520 957 2561 G
989 2521 1061 2561 5b.
1093 2521 1135 2560 Κ
1170 2522 1218 2569 1;
1244 2521 1518 2569 praecedenti
1547 2522 1624 2560 hoc
1654 2527 1786 2570 caput
1817 2522 2059 2572 adjungunt
2090 2523 2136 2561 in
2167 2527 2282 2562 textu
2310 2523 2350 2562 A
2369 2524 2412 2562 1.

173 2579 211 2618 D
244 2584 283 2623 1.
314 2583 353 2622 E
389 2585 431 2623 1.
466 2582 503 2621 F
539 2582 578 2620 1.
616 2580 656 2621 G
689 2582 730 2621 1.
754 2581 795 2622 8.
829 2581 872 2620 4.
905 2580 929 2620 1
962 2581 1011 2628 33
1045 2580 1161 2629 quod
1192 2590 1339 2618 errore
1359 2579 1531 2628 saccum
1563 2590 1650 2618 esse
1679 2579 1974 2628 librariorum,
2005 2592 2098 2620 non
2128 2582 2331 2627 auctoris,
2363 2593 2412 2620 eo

169 2644 292 2688 pacet,
324 2641 444 2690 quod
477 2639 517 2680 A
553 2642 577 2679 1
609 2649 789 2690 sequeno
820 2643 948 2688 caput
984 2639 1053 2680 23.
1087 2643 1286 2678 numerat
1308 2639 1449 2686 xxlt,
1483 2650 1578 2688 cap.
1596 2639 1667 2679 24.
1701 2639 1828 2679 etiam
1858 2639 2024 2687 xxnr,
2057 2645 2103 2679 at
2133 2652 2168 2681 c.
2203 2639 2272 2682 25.
2307 2644 2415 2679 recte

172 2699 285 2741 XXV
316 2704 353 2739 et
384 2701 449 2739 εἰσ
487 2699 695 2749 deinceps.
760 2698 892 2748 Capp.
929 2697 1117 2740 19-22.
1160 2698 1209 2736 in
1237 2708 1373 2736 unum
1404 2698 1598 2748 jungunt
1640 2697 1691 2738 C.
1725 2699 1768 2738 D
1804 2699 1876 2739 la.
1908 2695 1970 2740 ’8.
2005 2699 2047 2741 5.
2080 2701 2122 2740 6.
2153 2700 2178 2738 1
2211 2701 2250 2738 1.
2285 2699 2413 2739 Godcl.

175 2755 212 2797 G
238 2759 312 2797 hoc
342 2763 476 2809 caput
505 2759 719 2807 incipiunt
748 2758 797 2796 iu
826 2757 964 2796 verbis
981 2755 1187 2807 Septima
1217 2756 1397 2796 decima
1429 2757 1620 2798 Corsica
1650 2761 1738 2804 etc„
1784 2762 1821 2796 et
1851 2759 1899 2797 in
1939 2763 2054 2798 textu
2099 2758 2206 2798 illud
2239 2769 2412 2808 praece·

175 2816 282 2856 denti
310 2819 572 2868 adjunqunt,
604 2816 799 2866 sequenti
827 2816 965 2865 capite
994 2827 1023 2854 a
1046 2816 1267 2864 plerisque
1299 2815 1409 2868 (non
1441 2815 1481 2856 G
1513 2812 1560 2866 4)
1591 2816 1736 2856 XXII.
1770 2823 2008 2865 numerato,
2041 2822 2078 2856 et
2110 2817 2174 2856 ica
2204 2816 2410 2865 deinceps.

172 2875 395 2916 Bm’mr.
418 2897 472 2908 -·
492 2876 547 2916 In
576 2876 715 2914 verbis
744 2875 985 2926 provincia
1014 2873 1182 2914 Sicilia
1208 2874 1359 2924 incipit
1377 2874 1676 2924 sraymeutum
1705 2875 1860 2914 codicis
1889 2875 1926 2914 F
1944 2874 2005 2918 ⁸1.
2127 2875 2174 2928 d)
2206 2875 2415 2916 Siciliam

172 2933 206 2972 F
237 2937 276 2976 1.
309 2931 370 2975 ’1.
496 2933 541 2986 e)
574 2935 684 2974 deest
714 2935 755 2974 B
789 2936 839 2984 13
872 2934 929 2982 Q.
961 2938 1084 2985 tyrse
1116 2935 1321 2976 numeris
1350 2933 1387 2972 F
1418 2930 1480 2974 ’1.
1615 2933 1652 2984 f)
1681 2935 1821 2974 maris
1852 2935 2040 2976 euionio
2071 2933 2111 2974 A
2142 2936 2184 2977 1.
2218 2935 2261 2975 8.
2294 2935 2338 2974 D
2374 2936 2415 2976 1.

173 2992 207 3031 F
236 2996 277 3036 1.
309 2991 372 3036 ’1.
420 2992 464 3034 G
496 2996 536 3034 1.
570 2994 622 3044 83
671 2993 811 3033 mariz
859 2993 1049 3032 outonio
1079 2991 1120 3031 A
1153 2993 1203 3041 2;
1252 2993 1393 3032 maris
1440 2993 1650 3033 etuionio
1699 2992 1740 3032 G
1770 2993 1812 3035 8.
1841 2994 1894 3042 43
1939 2994 2226 3034 mascuionio
2273 2992 2308 3034 C
2339 2993 2414 3033 alb.

177 3049 219 3102 ς)
251 3053 515 3103 singulique
546 3053 583 3092 F
617 3050 676 3092 ‘1.
813 3049 861 3102 h)
896 3051 1088 3092 ducibus
1118 3052 1155 3089 F
1191 3053 1231 3093 1.
1262 3052 1325 3091 ’1.
1372 3050 1411 3090 G
1445 3053 1485 3091 1.
1521 3053 1562 3092 2.
1601 3051 1642 3092 8.
1775 3050 1810 3101 i)
1843 3054 2020 3102 proprii
2052 3052 2092 3090 A
2126 3054 2165 3091 1.
2197 3050 2257 3090 ’2.
2292 3053 2332 3091 2.
2367 3053 2412 3091 4.

177 3111 214 3152 5.
245 3113 285 3155 6.
316 3114 355 3152 Β
393 3115 434 3153 1.
470 3115 539 3153 la.
575 3112 617 3152 2.
651 3110 687 3153 G
720 3112 762 3152 2.
791 3111 865 3150 4b.
899 3110 941 3150 D
974 3108 1067 3149 ⁶32.
1098 3111 1140 3150 8.
1172 3110 1209 3148 F
1234 3111 1274 3159 1„
1308 3107 1369 3150 ’1.
1406 3109 1447 3149 G
1479 3112 1520 3150 1.
1556 3110 1597 3152 8.
1630 3111 1674 3151 4.
1708 3107 1771 3151 ⁰5.
1801 3111 1845 3150 H
1877 3112 1918 3150 1.
1949 3112 1972 3150 1
2006 3114 2046 3152 1.
2081 3110 2136 3159 83
2169 3111 2284 3159 quod
2306 3111 2412 3158 quin

174 3169 219 3209 in
246 3173 471 3222 archetypo
490 3170 648 3220 suem,
680 3169 874 3209 dubitari
903 3169 1073 3218 aequin
1105 3169 1292 3218 proprie
1326 3169 1360 3210 C
1395 3171 1435 3219 1,
1476 3179 1592 3208 corr.
1625 3169 1804 3217 proprii
1834 3170 1875 3209 D
1911 3172 1960 3218 13
2005 3169 2181 3218 proprii
2211 3168 2414 3208 nominis

178 3227 215 3269 G
245 3231 281 3272 1.
312 3231 363 3280 83
395 3232 587 3280 proprio
626 3235 734 3269 recte
774 3232 1051 3268 corrnerunt
1091 3227 1132 3266 A
1165 3228 1205 3269 8.
1236 3229 1275 3267 Ε
1309 3230 1348 3268 1.
1380 3227 1419 3266 F
1453 3229 1493 3267 1.
1529 3227 1570 3267 3.
1605 3228 1646 3268 ὗ.
1681 3225 1723 3267 G
1754 3228 1797 3267 2.
1831 3227 1904 3266 5⁸.
1920 3228 1969 3269 b.
2000 3230 2041 3278 6,
2073 3228 2164 3268 alii.
2256 3224 2307 3277 k)
2337 3238 2414 3266 no-

176 3298 266 3328 vum
295 3287 480 3341 (xxlv)
513 3300 608 3338 cap.
639 3289 724 3330 ino.
758 3288 798 3326 A
831 3284 892 3327 ’8.
1030 3284 1066 3336 l)
1099 3286 1299 3327 terrenis
1329 3287 1371 3325 D
1407 3287 1449 3327 2.
1476 3286 1516 3324 F
1549 3283 1610 3326 ’1.
1749 3283 1813 3337 m)
1847 3285 1906 3324 ad
1933 3287 1971 3326 F
2006 3288 2047 3326 1.
2184 3283 2234 3336 n)
2269 3284 2411 3326 Carae

180 3346 217 3386 G
246 3348 293 3397 23
343 3348 487 3389 Curso
539 3347 580 3388 G
612 3348 653 3388 1.
689 3347 729 3388 8.
763 3348 809 3398 4,
857 3356 973 3386 corr.
1024 3344 1165 3385 corso
1196 3345 1234 3384 F
1269 3346 1309 3384 1.
1450 3343 1497 3396 ο)
1532 3343 1679 3384 Sardo
1726 3343 1767 3383 A
1798 3345 1843 3386 4.
1890 3345 1934 3384 D
1985 3344 2028 3397 (1
2079 3356 2100 3384 e
2128 3341 2272 3394 corr.).
2305 3345 2328 3383 1
2361 3345 2414 3394 33

177 3403 311 3448 Sol-<le
344 3407 379 3448 G
416 3409 458 3449 1.
493 3409 535 3448 2.
568 3407 605 3446 F
638 3404 702 3446 1⁴?
748 3405 879 3458 (corr.
931 3401 1111 3455 San-de).
1142 3400 1208 3444 ’1.
1258 3402 1299 3443 G
1332 3405 1372 3442 1.
1405 3405 1447 3453 2,
1479 3404 1574 3444 alii.
1723 3400 1773 3453 p)
1805 3404 1993 3454 Ergulis
2037 3403 2074 3442 F
2109 3401 2180 3453 ‘13
2230 3403 2412 3443 Erculis

177 3463 209 3505 G
237 3461 296 3507 *1.
328 3467 365 3507 F
400 3469 441 3508 1.
564 3463 613 3517 q)
643 3476 755 3515 quae
784 3464 821 3502 L
854 3466 877 3504 1
929 3464 1053 3503 addit
1084 3474 1121 3502 v.
1170 3462 1329 3502 Archiv
1377 3462 1455 3514 IX,
1497 3473 1547 3512 p.
1583 3463 1684 3502 688.
1807 3460 1849 3514 r)
1883 3463 1942 3502 ad
1970 3464 2023 3504 F.
2059 3461 2124 3512 G3
2172 3463 2282 3501 dem
2315 3463 2338 3501 1
2372 3464 2410 3503 1.

177 3520 215 3574 ο)
242 3525 349 3565 dem
380 3525 416 3567 C
450 3525 494 3569 2.
546 3551 558 3560 -
582 3522 619 3575 t)
650 3520 911 3575 hiatui-ime
943 3522 1173 3573 grapphos
1203 3523 1240 3561 F
1278 3524 1315 3562 1.
1350 3519 1391 3560 G
1424 3523 1473 3570 13
1505 3521 1930 3571 historiograpphos
1965 3521 2006 3564 G
2037 3523 2080 3564 8.
2171 3518 2221 3572 u)
2255 3519 2416 3561 Gallia

176 3581 210 3620 F
240 3587 277 3626 1.
310 3583 351 3626 G
385 3587 425 3627 1.
542 3581 590 3635 v)
618 3584 682 3623 ica
713 3583 754 3623 A
786 3585 837 3630 13
883 3581 1070 3630 Virgilii
1098 3581 1225 3621 ceteri
1342 3579 1403 3632 w)
1437 3581 1500 3620 M.
1549 3579 1754 3620 Galliam
1781 3580 1834 3622 F.
1868 3581 1933 3630 (33
1978 3582 2029 3621 in
2080 3579 2283 3621 Galliam
2313 3580 2337 3620 1
2370 3581 2410 3621 8.

179 3638 222 3692 x)
252 3643 359 3683 deest
392 3642 431 3685 0
462 3640 523 3683 ⁶1.
556 3643 625 3691 D3
658 3642 767 3690 lege
800 3640 894 3682 01.
927 3640 967 3682 2.
1086 3640 1135 3691 y)
1168 3641 1278 3680 deest
1311 3639 1351 3679 G
1384 3641 1427 3679 2.
1551 3637 1596 3690 z)
1627 3639 1842 3680 Brennus
1875 3638 1973 3680 G8.
2006 3641 2059 3689 43
2089 3640 2269 3680 Brenus
2300 3640 2337 3679 F
2364 3642 2412 3688 13

177 3700 393 3743 Bremnun
426 3701 468 3742 G
501 3703 553 3751 13
595 3703 844 3742 Brennum
876 3698 918 3740 G
949 3696 1008 3742 ’5.
1144 3697 1191 3751 a)
1221 3699 1360 3739 urbes
1405 3699 1441 3738 F
1476 3699 1518 3738 1.
1567 3697 1608 3737 G
1642 3701 1681 3739 1.
1713 3698 1754 3740 8.
1784 3699 1825 3737 4.
1859 3698 1936 3744 51).
1964 3700 1987 3739 1
2019 3700 2070 3747 23
2117 3699 2227 3738 deest
2269 3697 2320 3740 C.
2352 3697 2413 3740 D.

177 3756 219 3809 b)
242 3762 431 3809 ,venitur
460 3761 499 3801 F
532 3763 569 3802 1.
606 3757 667 3800 ’1.
790 3756 832 3810 0)
868 3759 977 3798 deest
1008 3757 1050 3798 A
1083 3759 1125 3798 2.
1248 3756 1294 3807 d)
1331 3757 1455 3798 Galli
1485 3755 1528 3796 A
1557 3758 1599 3798 2.
1629 3757 1666 3796 Β
1691 3759 1731 3797 1.
1765 3757 1800 3798 C
1834 3753 1894 3800 ’1.
1928 3759 1967 3800 1.
1996 3757 2033 3796 F
2069 3760 2108 3799 1.
2227 3755 2271 3808 e)
2305 3765 2416 3806 quae

178 3817 213 3857 L
243 3821 264 3858 1
296 3821 414 3861 addit
446 3831 486 3865 v.
518 3819 675 3860 Archiv
709 3818 785 3866 IX,
812 3828 862 3868 p.
897 3817 997 3860 689.
1131 3815 1169 3868 ἰ)
1200 3817 1339 3857 Italia
1380 3817 1417 3856 F
1452 3818 1491 3855 1.
1527 3812 1587 3858 ’1.
1722 3813 1768 3867 g)
1801 3819 2030 3857 venerunt
2059 3815 2101 3856 A
2133 3816 2172 3858 2.
2205 3811 2266 3858 ’2.
2302 3815 2337 3856 G
2372 3818 2411 3854 1.

176 3876 231 3921 D.
259 3877 297 3918 G
327 3880 371 3922 4.
405 3880 483 3922 50.-
594 3877 644 3930 h)
675 3878 786 3918 deest
818 3877 857 3916 D
890 3879 941 3928 2;
974 3879 1129 3918 autem
1158 3876 1201 3915 D
1235 3875 1277 3916 8.
1396 3873 1432 3926 i)
1462 3875 1650 3915 Italiam
1681 3873 1722 3914 A
1753 3875 1794 3914 2.
1827 3875 1864 3914 F
1899 3877 1939 3918 1.

190 4013 243 4082 1)
279 4018 475 4086 Apulia
516 4045 578 4056 —
624 4018 921 4086 perduntur
956 4017 1183 4080 Paulus,
1241 4014 1416 4068 nescio
1467 4032 1620 4082 quem
1661 4023 1924 4067 auctorem
1955 4023 2180 4078 secutus,
2219 4015 2312 4080 qui
2348 4015 2414 4065 de

189 4088 379 4144 Graeco
436 4092 691 4145 vocabulo
749 4087 1011 4161 ἃπολλυμι
1067 4089 1333 4159 coyitavit.
1519 4087 1578 4155 2)
1617 4089 1767 4152 Quae
1809 4115 1877 4126 -—-·
1935 4089 2149 4140 alluitur
2187 4086 2414 4139 Paulus.

188 4160 241 4228 3)
277 4164 363 4216 Ex
419 4165 553 4218 laid.
610 4165 820 4228 XXIV,
880 4167 929 4228 6,
971 4165 1061 4215 32.
1228 4162 1288 4229 4)
1326 4161 1616 4228 Hucusque
1671 4163 1940 4229 cataloqus
1986 4160 2411 4227 provinciarum.

189 4235 413 4290 Porro—
454 4241 756 4292 nominatur
808 4253 871 4289 ex
911 4237 1046 4290 laid.
1084 4236 1243 4299 XIV,
1287 4237 1335 4299 7,
1374 4235 1463 4288 41.
1506 4236 1596 4286 39.
1747 4236 1806 4302 5)
1846 4233 2066 4286 Servius
2093 4231 2279 4301 potius
2319 4233 2410 4284 ad.

191 4307 317 4361 Aen.
348 4311 418 4365 Χ.
454 4313 569 4364 ΒΕ.
631 4310 711 4377 Cf.
754 4310 1033 4374 Isid.XV,
1060 4313 1107 4374 1,
1132 4311 1219 4360 59.
1370 4305 1428 4371 6)
1466 4307 1630 4360 Pauli
1669 4309 1722 4360 h.
1741 4307 1810 4360 R.
1830 4307 1906 4358 II
1937 4303 2160 4373 (Gruter
2192 4323 2254 4372 p.
2281 4305 2410 4371 787)

187 4378 461 4448 Sequentia
499 4397 562 4438 ex
598 4384 812 4438 Justino
850 4382 1061 4449 XXIV,
1102 4384 1154 4436 4.
1193 4392 1241 4435 et
1277 4381 1451 4446 XXV,
1498 4384 1545 4434 1.
1587 4381 1893 4447 composuit.

904 4583 991 4674 ‘fl-„s
1050 4582 1327 4680 ffel-53³³&
1370 4567 1658 4662 siz-Qu>
