2984 4917
468 2077 493 2183 f

472 2452 481 2477 l

544 391 648 440 176
827 389 1051 442 PAULI
1088 388 1436 442 HISTORIA
1474 388 2145 442 LANGOBARDORUM.
2223 388 2369 440 LIB.
2408 389 2508 444 IV.

534 557 791 622 nomine
820 557 1332 642 Raginpertum⁸,
1424 555 1491 620 ui
1534 577 1574 618 a
1605 555 1791 621 Gode
1839 557 1957 620 erti
2001 554 2294 620 fidelibus
2338 555 2628 622 sublatus
2683 558 2781 622 eth

535 640 780 706 occulte
836 642 1108 705 nutritus
1164 651 1279 706 est.
1428 662 1502 704 ec
1555 661 1702 704 eum
1824 637 2097 705 rimuald
2153 641 2452 727 persequi
2497 641 2782 723 curavit,

535 727 775 813 quippe
820 727 930 810 qui
974 724 1183 788 adhuc
1245 722 1590 788 infantulus
1656 734 1842 790 esset.
1929 724 2115 804 Quo⁰
2178 724 2394 789 audito
2446 725 2781 807 Perctarit,

538 811 649 895 qui
690 819 849 895 aput
890 806 1364 872 Mediolanumd
1409 809 1736 893 regnabat,
1783 807 1956 894 quod
1998 829 2336 893 germanus
2401 809 2538 873 eius
2604 819 2778 874 esset

535 895 874 974 extinctae,
920 900 1158 978 quanta
1199 893 1409 978 potuit
1470 890 1846 956 velocitate⁰
1911 891 2130 976 fugam
2196 893 2467 978 arripuit
2530 892 2618 956 ad
2665 915 2747 956 ue
2763 893 2785 935 t

536 977 620 1041 ad
648 998 869 1062 regem
898 977 1185 1041 Avarum
1201 988 1229 1030 ὅ
1268 976 1621 1040 cacanumh
1664 977 1973 1061 pervenit,
2025 977 2322 1042 uxoremi
2353 975 2632 1041 Rodelin
2679 998 2783 1040 am

537 1071 600 1126 et
628 1060 969 1146 parvulum
1010 1059 1211 1124 filium
1260 1061 1561 1124 nominek
1613 1060 2104 1145 Cunicpertum¹
2169 1058 2568 1147 relinquenS,
2619 1083 2783 1146 quos

540 1143 873 1211 Grimuald
923 1145 1362 1210 Beneventum
1380 1156 1421 1186 ¹¹²
1464 1145 1534 1208 in
1578 1143 1840 1209 exilium
1906 1144 2160 1209 direxit.
2244 1143 2366 1208 His
2408 1145 2500 1208 ita
2563 1146 2785 1230 gestis,

540 1227 945 1314 Garipaldus,
989 1229 1171 1292 cuius
1201 1229 1607 1314 instigatione
1636 1237 1702 1293 et
1730 1229 2071 1293 certamine
2100 1229 2224 1291 ista
2297 1238 2500 1293 atrata
2531 1237 2682 1292 sunt
2703 1269 2782 1278 —

538 1322 603 1378 et
644 1334 772 1376 non
812 1310 1018 1377 solum
1060 1311 1220 1377 haec
1262 1321 1498 1398 egerat,
1549 1312 1662 1376 sed
1712 1322 1776 1378 et
1821 1312 2108 1377 fraudem
2152 1313 2220 1374 in
2285 1313 2624 1396 egatione¹¹
2669 1333 2787 1376 sua

536 1396 793 1478 fecerat,
859 1397 1014 1460 dum
1057 1419 1341 1480 munera,
1409 1417 1576 1482 quae
1643 1396 1887 1462 deferre
1951 1395 2389 1461 Beneventum
2456 1395 2786 1479 debuerat,

536 1503 667 1545 non
708 1482 957 1566 integra
999 1481 1398 1566 deportasset
1416 1520 1502 1530 —-
1529 1479 1750 1544 talium
1793 1491 1976 1566 ergo⁰
2023 1502 2288 1567 operum
2327 1488 2618 1565 patrator
2657 1502 2789 1544 non

538 1564 651 1628 diu
690 1565 1005 1630 laetatusv
1058 1574 1171 1629 est.
1258 1565 1417 1629 Erat
1447 1563 1710 1650 quidam
1754 1585 1992 1650 parvus
2034 1563 2462 1628 homunculus
2505 1587 2592 1629 ex
2640 1587 2788 1650 pro-

582 1650 679 1712 ria
734 1647 975 1712 familia
1048 1647 1399 1734 Grodeperti
1455 1648 1764 1713 oriundus
1821 1649 1889 1711 in
1947 1649 2203 1712 civitate
2269 1648 2722 1712 Taurinatium
2737 1661 2787 1712 (Ι.

535 1672 601 1796 fs
647 1755 796 1796 cum
841 1731 997 1796 Gari
1046 1731 1264 1796 aldum
1306 1732 1590 1797 ducemi
1641 1754 1710 1797 so
1756 1733 2180 1797 sacratissimo
2224 1731 2510 1817 paschali
2553 1732 2659 1796 die
2701 1732 2787 1797 ad

538 1817 889 1880 orationem
916 1818 984 1881 in
1060 1817 1184 1881 eati
1201 1828 1225 1858 r
1274 1816 1578 1880 Iohannis
1593 1755 1944 1882 zasflicam
1972 1825 2315 1880 venturum
2345 1817 2556 1897 sciret,
2590 1839 2788 1902 super

537 1913 832 1965 sacrum⁰
875 1901 1230 1986 baptisterii
1273 1900 1518 1966 fontem
1577 1900 2008 1966 conscendens
2064 1898 2379 1985 laevaque
2397 1911 2418 1942 ⁸
2471 1921 2670 1963 manu
2714 1923 2788 1966 se

534 1985 619 2048 ad
650 1983 1085 2051 columellum‘
1135 1986 1379 2070 tugurii
1409 1985 1758 2066 continenS,
1801 1984 1972 2049 unde
2013 1983 2398 2069 Garipaldus
2416 1996 2444 2026 ¹¹
2489 1985 2786 2048 transitu-

534 2091 644 2133 rus
675 2078 825 2151 erat,
868 2069 1205 2153 evaginato
1250 2082 1433 2134 ensev
1465 2070 1585 2134 sub
1627 2070 1918 2133 amictuW
1961 2078 2203 2150 tenens,
2250 2089 2397 2131 cum
2424 2069 2609 2132 iuxta
2635 2090 2786 2132 eum

536 2151 849 2238 Garipald
872 2155 1171 2230 venisset,
1216 2163 1326 2217 ut¹
1355 2155 1784 2238 pertransiret,
1827 2154 1984 2238 ipse,
2028 2151 2316 2217 elevatoY
2345 2153 2604 2235 amicta,
2647 2161 2787 2216 toto

533 2238 765 2302 adnisu
792 2237 1020 2302 eodem
1050 2249 1241 2302 ense2
1286 2238 1353 2300 in
1397 2238 1676 2303 cervicea
1719 2238 2034 2322 percussit
2064 2245 2384 2322 caputque
2406 2237 2434 2278 ¹³
2467 2236 2605 2300 eius
2633 2257 2788 2321 pro—

535 2323 705 2386 tinus
735 2322 1109 2406 amputavit.
1220 2321 1429 2406 Super
1472 2344 1666 2408 quem
1711 2322 1824 2406 qui
1869 2343 2017 2384 cum
2062 2319 2410 2406 Garipaldo
2475 2330 2792 2385 venerant

534 2407 889 2488 inruentes,
947 2404 1163 2469 multis
1230 2427 1379 2469 eum
1441 2406 1686 2470 ictuum
1735 2404 2108 2470 vulneribus
2175 2403 2607 2478 occiderunt,
2655 2404 2792 2485 Qui

468 2482 479 2558 ξ
540 2489 689 2554 licet
741 2489 1132 2571 occubuerit,
1178 2499 1393 2554 tamen
1443 2489 1798 2575 Grodeperti
1817 2501 1841 2532 ‘²
1895 2489 1992 2553 sui
2043 2488 2286 2553 domml
2328 2489 2628 2551 lmuriam
2695 2489 2790 2552 in·

467 2561 495 2688 i
537 2573 850 2658 signiterd
894 2571 1063 2637 ultus
1108 2582 1221 2636 est.

1027 2677 1308 2751 FINJT
1357 2678 1668 2753 LIBER
1722 2675 2206 2770 QUARTUS
2227 2690 2275 2752 0.
2331 2707 2338 2715 ·

538 2849 585 2902 a)
618 2853 682 2890 ita
788 2853 836 2901 13
867 2851 1065 2902 Raginp.
1094 2854 1159 2892 vel
1186 2854 1402 2904 Ragimp.
1434 2853 1476 2893 A
1510 2855 1552 2906 3,
1603 2860 1640 2894 σε
1670 2855 1796 2904 infra
1829 2855 1871 2896 G
1903 2854 1954 2903 33
2003 2854 2199 2902 Raginb.
2245 2855 2310 2893 vel
2353 2854 2564 2900 Ragimb.
2610 2855 2650 2893 B
2689 2856 2713 2894 1
2749 2860 2790 2894 et

528 2913 727 2962 plerique
804 2939 815 2950 .
850 2909 915 2961 ἃς
945 2911 1133 2962 Riginp.
1166 2912 1201 2953 G
1234 2915 1285 2963 13
1316 2913 1512 2962 Reginb.
1543 2915 1567 2953 Ι
1601 2916 1650 2962 1;
1682 2915 1806 2964 infra
1837 2915 1964 2953 ctiam
1992 2913 2283 2953 Raimbertus
2312 2915 2377 2952 vel
2405 2914 2570 2956 Rainb.
2601 2914 2788 2965 ἱερίηιη

537 2971 845 3020 Aginpertum
876 2971 915 3010 A
954 2972 1004 3021 23
1053 2971 1349 3020 Garipertum
1380 2975 1457 3012 hoc
1486 2973 1578 3012 loco
1608 2973 1646 3012 F
1681 2973 1720 3014 1.
1856 2970 1906 3024 b)
1939 2983 1976 3011 s.
2010 2977 2080 3013 est
2110 2973 2150 3012 A
2185 2974 2235 3022 13
2281 2973 2548 3013 sublevatus
2581 2972 2615 3013 C
2648 2975 2692 3013 1.
2729 2996 2786 3004 —

538 3033 585 3071 et
616 3040 659 3070 o.
694 3041 738 3069 n.
768 3029 854 3070 dee.
888 3031 937 3071 G.
972 3031 1033 3072 D.
1072 3053 1123 3060 —
1156 3031 1252 3071 Nec
1288 3054 1339 3061 —
1384 3036 1507 3072 esset
1535 3034 1621 3074 deo.
1659 3032 1708 3072 Ο.
1741 3033 1784 3071 D
1818 3033 1858 3072 1.
1895 3031 2012 3084 (post
2042 3029 2274 3082 suppleta).
2426 3029 2468 3083 c)
2503 3031 2635 3078 Quod
2663 3031 2708 3070 {F
2743 3034 2785 3074 1.

538 3087 585 3141 d)
616 3089 882 3129 Mediolano
914 3091 952 3130 Β
988 3091 1027 3129 1.
1146 3087 1190 3141 e)
1224 3091 1521 3131 velocitatem
1551 3093 1588 3130 F
1623 3093 1662 3131 1.
1783 3089 1819 3141 f)
1851 3092 1915 3129 ita
1944 3090 1986 3130 A
2009 3093 2044 3132 1.
2075 3088 2186 3132 F'l.
2311 3088 2356 3141 g)
2390 3089 2643 3130 Avarorum
2677 3092 2722 3130 Β
2743 3093 2784 3131 1.

538 3149 591 3190 G.
635 3149 679 3188 D
714 3149 753 3189 2.
798 3149 822 3187 Ι
850 3151 893 3188 1.
1056 3147 1103 3200 h)
1156 3160 1193 3188 c.
1242 3152 1431 3190 nomine
1476 3151 1520 3189 A
1551 3149 1612 3192 '3.
1777 3147 1812 3201 i)
1846 3150 2012 3190 relicta
2055 3160 2201 3190 uxore
2237 3149 2495 3189 Rodelinda
2539 3153 2586 3189 et
2630 3149 2786 3190 filium

537 3219 584 3249 n.
619 3206 669 3248 C.
704 3219 746 3256 q.
778 3208 818 3246 B
853 3209 893 3248 1.
1014 3205 1063 3258 k)
1099 3209 1307 3248 nominet
1338 3211 1375 3248 F
1407 3211 1447 3249 1.
1571 3208 1605 3260 1)
1640 3209 1946 3258 Cunicpertus
1978 3209 2018 3249 A
2053 3211 2104 3257 13
2137 3208 2499 3256 Cuninepertum
2531 3207 2565 3248 G
2599 3205 2660 3249 '1.
2698 3209 2785 3260 11,

536 3271 574 3306 et
598 3271 752 3316 postea
782 3267 908 3305 ctiam
938 3265 980 3306 A
1012 3268 1052 3306 2.
1084 3267 1133 3316 33
1166 3267 1469 3317 Ounipertum
1501 3269 1578 3307 hoc
1607 3268 1699 3308 loeo
1730 3267 1772 3307 A
1805 3269 1830 3308 2
1861 3273 1898 3307 et
1927 3267 2030 3308 A4.
2065 3267 2107 3308 5.
2139 3267 2280 3317 H5a3
2312 3267 2620 3316 Kunipertum
2649 3265 2698 3306 A
2731 3268 2791 3318 83

539 3326 731 3375 Ouniop.
764 3326 807 3364 H
842 3327 889 3374 13
924 3326 1147 3366 Cunincb.
1178 3327 1221 3366 D
1257 3329 1306 3377 13
1340 3327 1538 3368 Chunib.
1570 3328 1608 3367 B
1644 3330 1686 3367 1.
1722 3326 1756 3367 C
1791 3328 1831 3367 2.
1867 3329 1906 3366 D
1943 3328 1982 3366 2.
2088 3324 2152 3377 m)
2185 3327 2296 3365 deest
2327 3326 2364 3364 Β
2399 3329 2440 3367 1.
2474 3328 2548 3366 la.
2636 3323 2689 3377 n)
2720 3327 2786 3366 le—

538 3385 779 3434 gaeionem
812 3395 941 3424 suam
971 3386 1008 3424 F
1043 3387 1085 3425 1.
1222 3383 1268 3436 0)
1301 3387 1411 3425 deest
1439 3388 1478 3426 Β
1516 3388 1555 3426 1.
1691 3383 1741 3437 p)
1774 3387 1956 3434 legatus
1999 3385 2040 3424 A
2071 3387 2110 3426 2.
2247 3383 2294 3435 q)
2329 3385 2552 3426 'ram-ina.
2617 3383 2712 3432 Qui
2748 3396 2786 3425 c.

536 3444 576 3482 B
610 3445 650 3482 1.
688 3445 765 3492 1⁸3
796 3444 1160 3483 'taurinancium
1189 3444 1226 3483 F
1261 3446 1303 3484 1.
1425 3444 1465 3498 r)
1498 3446 1646 3485 sancti
1676 3446 1714 3485 B
1750 3446 1790 3484 1.
1910 3442 1949 3496 s)
1978 3445 2158 3485 laevam
2191 3455 2377 3483 manum
2409 3444 2468 3483 ad
2497 3444 2543 3483 H
2576 3445 2624 3494 13
2655 3445 2789 3485 leva·

537 3502 606 3540 vit
636 3501 677 3539 D
713 3503 781 3540 la.
817 3502 857 3540 3.
892 3503 933 3541 6.
968 3503 1016 3552 83
1047 3503 1309 3552 levavitque
1342 3504 1383 3542 D
1418 3505 1458 3544 2.
1491 3500 1584 3545 Ἔα.
1613 3506 1664 3553 43
1709 3504 1758 3542 in
1788 3504 1830 3542 D
1866 3506 1888 3543 1
1923 3515 2106 3544 erasum.
2259 3500 2294 3553 t)
2329 3503 2625 3542 colomellam
2655 3503 2702 3542 H
2738 3506 2788 3553 13

537 3559 831 3598 columellam
864 3561 899 3600 G
932 3561 975 3602 8.
1007 3561 1065 3600 41>
1108 3565 1144 3600 et
1175 3572 1196 3599 e
1226 3573 1339 3601 corr.
1374 3561 1409 3602 G
1444 3565 1492 3611 13
1541 3564 1825 3604 colunellam
1854 3562 1878 3601 Ι
1911 3564 1965 3611 1;
2012 3559 2410 3614 colum(p)ne11um
2439 3560 2482 3601 A
2513 3563 2555 3603 4.
2585 3563 2625 3601 B
2661 3563 2704 3601 1.
2745 3564 2786 3605 2.

538 3619 575 3658 F
607 3615 672 3657 ·2.
704 3619 728 3657 Ι
760 3618 811 3667 33
858 3617 1258 3671 colum(p)nellam
1290 3622 1327 3660 Β
1364 3623 1432 3662 la.
1465 3622 1503 3660 F
1536 3622 1578 3662 5.
1730 3620 1779 3674 u)
1813 3621 2038 3661 Garibald
2066 3621 2104 3660 F
2140 3623 2178 3660 1.
2329 3625 2378 3672 v)
2409 3621 2472 3659 ita
2504 3620 2546 3660 A
2581 3622 2622 3660 1.
2658 3623 2701 3661 2.
2739 3621 2784 3663 4.

537 3677 575 3716 B
613 3679 651 3716 1.
686 3678 727 3716 2.
772 3677 811 3716 Ε
847 3680 885 3717 1.
917 3678 955 3716 F
990 3681 1039 3728 ¹3
1090 3680 1335 3726 evaginato
1370 3678 1504 3733 (corr.
1553 3678 1867 3732 evaginatum)
1917 3691 2076 3720 ensem
2106 3680 2149 3718 D
2183 3682 2234 3730 1,·
2279 3681 2575 3729 evaginatum
2622 3690 2788 3720 ensem

536 3735 665 3774 ceteri
695 3735 743 3776 0.
777 3737 835 3778 D.
868 3737 926 3775 Η.
958 3737 996 3777 1.
1040 3757 1083 3765 —
1134 3747 1175 3777 e.
1208 3748 1347 3779 manu
1378 3742 1409 3779 t.
1446 3739 1480 3779 C
1515 3741 1554 3781 2.
1704 3736 1764 3792 w)
1797 3740 2017 3779 amictum
2047 3739 2084 3777 F
2118 3742 2158 3780 1.
2308 3737 2358 3790 x)
2391 3742 2438 3778 et
2469 3738 2519 3779 Ο.
2551 3739 2612 3780 D.
2643 3739 2708 3780 11.
2743 3741 2767 3779 Ι

540 3792 587 3844 y)
620 3794 720 3842 ipse
753 3795 813 3835 el.
847 3796 1058 3847 amictu,
1091 3797 1299 3836 adnisum
1332 3798 1369 3836 Β
1406 3801 1459 3848 13
1506 3801 1608 3849 ipse
1639 3799 1698 3840 el.
1733 3799 1901 3838 amicto
1932 3798 2163 3852 (super-scr.
2197 3794 2246 3848 u)
2282 3798 2447 3837 adnisu
2477 3798 2514 3838 F
2550 3799 2603 3846 13
2636 3798 2667 3840 l.
2702 3798 2786 3838 de·

537 3856 644 3892 veto
676 3863 718 3894 a.
753 3853 787 3892 O
820 3850 892 3902 *13
933 3855 965 3896 i.
998 3855 1055 3894 de
1085 3860 1259 3904 punctu
1289 3857 1454 3897 adnisu
1483 3858 1527 3896 D
1562 3861 1603 3899 1.
1639 3859 1689 3908 23
1736 3857 1792 3897 de
1825 3861 1989 3898 cuncto
2022 3858 2184 3897 adnisu
2215 3856 2239 3895 Ι
2273 3858 2312 3896 1.
2450 3854 2492 3906 z)
2527 3867 2698 3898 cneum
2732 3868 2785 3898 se

541 3911 705 3964 (eadem
732 3923 869 3951 manu
897 3917 945 3951 ut
974 3914 1141 3953 videtur
1172 3927 1289 3957 corr.
1319 3927 1429 3956 ense
1461 3916 1504 3956 A
1536 3916 1582 3969 1)
1615 3917 1656 3956 A
1692 3919 1735 3959 1.
1770 3917 1827 3966 ὃς
1858 3917 1907 3956 ἐπ
1937 3917 2167 3966 archetypo
2199 3925 2305 3955 eum
2335 3927 2466 3965 super
2498 3925 2612 3956 ense
2641 3917 2783 3966 ocu-ip-

538 3977 627 4010 mm
658 3976 775 4020 emt,-
806 3972 923 4021 quod
952 3975 1203 4012 correctoris
1244 3985 1329 4015 esse
1363 3976 1575 4025 putarim,
1608 3977 1684 4025 qui
1725 3977 1886 4016 eodem
1911 3985 2000 4024 pro
2031 3972 2228 4016 eundem
2257 3975 2462 4024 scriptum
2481 3974 2631 4023 fuisse
2660 3976 2787 4015 haud

541 4029 767 4080 ἰηιεῑῑαείες
828 4031 989 4071 eodem
1037 4042 1140 4071 cum
1188 4043 1298 4074 ense
1344 4035 1397 4074 in
1440 4036 1479 4074 Β
1515 4038 1554 4076 1.
1592 4036 1642 4084 2;
1699 4043 1810 4075 'eum
1856 4044 1966 4074 ense
1997 4036 2038 4074 A
2071 4037 2120 4084 23
2183 4043 2294 4074 ense
2344 4043 2449 4074 eum
2480 4033 2521 4073 A
2553 4033 2617 4074 ·3.
2649 4034 2692 4076 4.
2727 4036 2786 4084 63

539 4090 716 4130 Eodem
734 4118 906 4133 ......
924 4101 973 4130 re
1006 4102 1119 4130 corr.
1138 4101 1243 4132 eum
1275 4103 1384 4134 ense
1415 4094 1452 4132 F
1473 4096 1524 4147 15
1557 4103 1598 4133 a.
1634 4095 1832 4134 eundem
1865 4103 1975 4133 ense
2008 4094 2058 4134 C.
2091 4094 2151 4133 D.
2184 4093 2242 4132 H.
2273 4094 2297 4132 Ι
2317 4093 2354 4135 1,
2475 4089 2520 4142 a)
2551 4093 2786 4134 cervicem

544 4148 593 4189 O.
626 4149 684 4193 D.
716 4150 739 4189 1
771 4152 813 4192 1.
848 4170 901 4180 —
933 4160 1058 4199 perc.
1088 4151 1199 4189 deest
1230 4150 1270 4190 A
1304 4150 1365 4192 ’3.
1517 4151 1564 4204 b)
1599 4164 1638 4193 e.
1672 4163 1713 4195 e.
1745 4165 1790 4202 p.
1824 4163 1865 4192 a.
1897 4153 1981 4192 dee.
2017 4153 2072 4193 B.
2105 4153 2142 4193 F
2177 4154 2216 4191 1.
2367 4150 2410 4204 c)
2446 4150 2629 4201 Giperti
2657 4150 2700 4191 A
2735 4153 2782 4192 2.

542 4205 589 4257 d)
622 4208 732 4246 aem
761 4210 800 4248 Β
836 4211 876 4248 1.
1026 4207 1071 4260 e)
1101 4210 1166 4248 ita
1196 4210 1235 4250 A
1268 4212 1317 4260 13
1362 4211 1571 4261 Explicit
1613 4213 1642 4250 1.
1677 4223 1720 4261 q.
1755 4211 1795 4251 A
1829 4213 1867 4251 2.
1915 4212 1952 4250 Β
1989 4213 2027 4252 1.
2081 4210 2116 4252 G
2149 4213 2190 4250 1.
2223 4210 2265 4251 G
2298 4213 2338 4252 1.
2373 4212 2396 4251 1
2429 4212 2479 4260 13
2527 4211 2786 4262 Hystoriao

544 4267 695 4314 gentis
725 4267 1133 4315 Langobardorum
1164 4269 1311 4310 finitl.
1345 4273 1440 4307 1111.
1473 4270 1514 4310 A
1533 4273 1586 4320 3,·
1615 4271 1823 4310 Historia
1853 4280 1896 4318 g.
1929 4270 1981 4311 L.
2013 4271 2096 4312 lib.
2131 4283 2174 4320 q.
2211 4270 2245 4310 C
2264 4272 2313 4319 13
2346 4271 2436 4310 Hic
2467 4269 2630 4309 finitur
2657 4269 2786 4310 liber

538 4329 636 4364 1111.
665 4325 703 4364 F
722 4326 762 4376 1,
794 4327 868 4364 ubi
898 4327 1096 4368 additur:
1128 4328 1204 4367 hic
1235 4329 1434 4369 scrivere
1465 4330 1607 4370 debes
1639 4330 1844 4379 capitula
1877 4329 1934 4369 de
1965 4329 2154 4370 historie
2184 4330 2334 4379 gentis
2365 4328 2786 4377 Langobardorum

541 4383 661 4422 liber
692 4385 907 4432 quintus:
940 4397 1053 4436 quae
1083 4388 1281 4436 suppleta
1310 4392 1413 4427 eum
1444 4389 1491 4428 in
1521 4389 1670 4428 ultimo
1700 4388 1856 4428 codicis
1875 4388 2007 4437 solio.
