2984 4917
699 396 921 448 PAULI
960 395 1308 448 HISTORIA
1346 396 2024 451 LANGOBARDORUM.
2417 391 2488 450 2⁷

409 563 550 652 (19)
595 563 653 630 A
701 564 761 629 7.
863 564 1406 630 Matritensis
1474 566 1703 650 reqius
1765 564 1830 646 V,
1899 564 2053 648 188,
2120 567 2377 632 membr.
2433 578 2493 632 et

241 649 447 712 chart.
494 669 548 710 s.
590 647 760 729 XIV,
814 650 888 713 in
932 647 1136 712 Italia
1181 648 1277 713 vel
1321 647 1618 713 Helvetia
1668 658 2001 730 exaratus,
2047 652 2166 734 qui
2208 651 2307 716 nil
2348 653 2489 716 nisi

242 731 612 797 Historiam
653 731 1252 818 Lanqobardorum
1303 734 1610 812 continet,
1720 742 1894 798 ostea
1945 733 2078 798 alio
2130 743 2351 800 assuto
2398 737 2491 801 ad

246 814 610 880 Concilium
645 814 1134 881 Constantiense
1226 817 1558 882 ertinente.
1622 756 1836 881 bedese
1867 819 2085 902 primi
2110 817 2270 883 libri
2298 818 2487 888 deest.

239 898 544 964 Paucula
588 901 874 964 enotavit
916 898 973 966 b.
1013 923 1098 964 m.
1215 945 1231 962 .
1273 899 1529 982 Knust,·
1577 900 1718 964 alia
1776 901 1842 966 V.
1892 899 1985 968 Gi.
2027 901 2245 966 Baist.

409 983 475 1046 A
586 986 761 1048 rima
825 983 950 1048 hac
1013 983 1308 1048 codicum
1370 984 1579 1048 classe
1643 983 1909 1070 lonyius
1966 986 2274 1050 recedunt
2368 1009 2490 1052 uos

238 1065 462 1130 littera
483 1006 582 1130 Bp
576 1067 1046 1148 indicavimus,
1077 1067 1154 1132 de
1183 1089 1460 1153 quorum
1487 1068 1709 1133 indole
1730 1071 1882 1153 jam
1910 1090 2125 1153 supra
2156 1092 2325 1154 aqen
2378 1093 2489 1136 um

242 1160 406 1232 erat,
450 1153 699 1237 quippe
743 1153 859 1236 qui
888 1151 1356 1216 dubitationem
1397 1153 1734 1237 injiciant,
1780 1175 1940 1216 num
1985 1152 2067 1216 ab
2097 1155 2248 1238 ipso
2276 1153 2488 1218 Paulo

221 1232 522 1318 fortasse
561 1235 761 1301 verba
801 1237 900 1299 ita
931 1238 1065 1300 sint
1105 1243 1359 1299 mutata
1398 1234 1634 1320 qualia
1676 1237 1783 1300 bic
1820 1235 2149 1320 leqantur.
2241 1235 2490 1303 Ceteros

243 1320 640 1404 antiquitate
670 1317 1018 1404 praecellit

415 1403 558 1488 (20)
604 1403 669 1465 Β
713 1401 767 1465 1.
871 1403 1428 1484 Havniensis,
1502 1402 1736 1468 collect.
1794 1425 1930 1490 req.
1988 1405 2304 1490 antiquae
2362 1406 2488 1470 Nr.

240 1486 432 1568 2158,
460 1486 524 1568 4,
571 1486 724 1551 olim
766 1486 1262 1572 Lindenbroyii,
1296 1487 1610 1572 pluribus
1651 1509 1701 1550 s.
1746 1487 1858 1550 IX.
1899 1486 2000 1551 vel
2041 1489 2117 1553 X.
2163 1488 2490 1571 manibus,

282 1593 528 1635 uarum
571 1571 934 1656 specimina
976 1572 1052 1634 in
1095 1569 1321 1635 tabula
1353 1572 1437 1635 II
1469 1571 1873 1652 addidimus,
1914 1573 1989 1637 in
2024 1571 2247 1654 Italia,
2292 1582 2364 1635 ut
2392 1575 2487 1638 vi-

287 1664 454 1734 etur,
512 1663 846 1719 exaratus.
931 1654 1034 1717 De
1079 1657 1373 1740 pretioso
1429 1656 1549 1719 boc
1592 1655 1831 1736 codice,
1889 1654 2075 1720 nobis
2126 1657 2489 1741 petentibus

241 1737 535 1803 benevole
562 1737 952 1803 Berolinum
992 1739 1379 1803 transmisso
1423 1747 1482 1803 et
1525 1762 1721 1824 quam
1747 1738 2130 1823 fidelissime
2157 1763 2304 1804 cum
2334 1741 2491 1806 aliis

241 1831 649 1908 comparato,
691 1845 751 1886 v.
780 1823 870 1886 N.
900 1821 1100 1887 Arcb..
1142 1822 1197 1904 Ι,
1289 1869 1305 1884 .
1351 1821 1479 1886 540
1521 1845 1615 1908 sq.
1678 1821 2237 1897 Quaternionibus
2326 1825 2491 1889 luri-

242 1905 361 1969 bus
406 1907 452 1970 d
535 1906 787 1987 erditis,
830 1905 1033 1970 Pauli
1059 1845 1603 1972 liba-{acumem
1630 1915 1720 1972 est
1748 1908 2017 1991 (desunt
2045 1908 2173 1990 III,
2207 1908 2240 1971 1
2294 1910 2422 1971 —I
2426 1909 2491 1991 V,

244 1988 347 2054 21.
480 2038 498 2070 ,
547 1989 816 2054 17-40,
893 1989 992 2072 VI,
1041 1987 1345 2071 17—58).

416 2073 558 2159 (21)
598 2073 754 2137 Β2.
859 2072 1517 2139 Mediolanensis
1594 2073 2195 2139 Ambrosianus
2273 2075 2330 2140 G
2373 2075 2491 2158 72,

242 2157 501 2222 membr.
535 2156 670 2243 fol.
724 2179 774 2224 s.
819 2157 935 2240 XI,
982 2157 1133 2222 olim
1185 2166 1259 2221 ut
1299 2158 1559 2222 videtur
1616 2157 1686 2222 S.
1738 2158 2027 2223 Martini
2078 2158 2489 2223 Masciacen-

245 2242 356 2322 sis,
415 2243 534 2326 qui
564 2241 883 2326 pluribus
933 2241 1236 2306 manibus
1293 2243 1579 2326 scriptus
1634 2243 1835 2305 varia
1894 2243 2176 2306 continet
2226 2263 2429 2327 opera
2446 2253 2491 2324 ¹,

247 2327 420 2390 inter
456 2347 623 2410 quae
651 2325 856 2389 Pauli
883 2326 1162 2389 historia
1189 2322 1501 2388 Romana
1530 2335 1589 2388 et
1615 2324 1765 2394 Lan
1815 2325 2212 2389 obardorum
2239 2336 2490 2390 necnon

246 2408 576 2475 Jordanis
636 2407 798 2474 liber
855 2410 934 2473 de
989 2408 1181 2473 rebus
1225 2405 1466 2472 Geticis
1526 2411 1649 2472 uni
1692 2409 1769 2473 de
1811 2418 2000 2474 entur
2058 2411 2454 2474 amanuensi
2464 2431 2491 2492 ,·

248 2495 571 2578 specimen
615 2495 750 2558 scri
797 2503 987 2558 turae
1031 2493 1210 2558 dedit
1237 2493 1436 2558 editio
1479 2493 1979 2557 Muratoriana.
2071 2491 2385 2568 Quamvis
2414 2495 2491 2558 in

248 2577 468 2642 multis
534 2599 680 2641 cum
736 2517 802 2640 Ξ
842 2580 873 2640 1
937 2578 1305 2656 conveniat,
1374 2575 1565 2641 aliud
1621 2586 1837 2642 tamen
1893 2577 2093 2641 Pauli
2154 2577 2493 2663 eaeemplar

248 2670 505 2724 secutus
559 2670 667 2724 est.
783 2659 1025 2726 Ultima
1082 2663 1219 2726 tria
1269 2661 1428 2726 libri
1495 2661 1598 2725 VI.
1664 2660 1966 2746 capitula
2019 2663 2233 2728 omisit
2245 2672 2289 2724 ².
2390 2660 2491 2746 (ff.

249 2744 337 2808 N.
381 2744 584 2809 Arcb.
627 2745 685 2826 I,
728 2769 808 2830 p.
851 2743 1004 2825 543,
1062 2745 1178 2810 ubi
1228 2746 1612 2809 accuratius
1667 2745 1747 2810 de
1803 2744 1961 2809 libri
2015 2745 2216 2831 hujus
2270 2745 2492 2810 indole

247 2831 517 2914 eqimus.
581 2829 910 2894 Lectionis
937 2831 1336 2910 varietatem,
1395 2831 1512 2892 'am
1538 2831 1613 2892 in
1643 2829 2007 2894 Muratorii
2034 2831 2314 2895 editione
2343 2829 2490 2894 ube-

247 2914 415 2993 rius,
445 2934 560 2978 nec
589 2922 805 2976 tamen
835 2912 1072 2996 ubique
1089 2915 1260 2999 pari
1288 2913 1334 2976 d
1348 2915 1362 2930 ‘
1385 2915 1640 2998 igentia
1668 2914 2085 2999 eoescriptam,
2117 2914 2492 2978 Betbmann

247 2997 464 3062 denuo
511 2997 764 3061 schedis
807 2999 950 3060 suis
990 2996 1232 3062 intulit.

417 3079 557 3169 (22)
601 3080 804 3144 132⁸.
927 3080 1382 3145 Vaticanus
1453 3079 2055 3145 Ottobonianus
2119 3081 2246 3148 Nr.
2306 3079 2490 3163 1378,

245 3163 398 3229 olim
442 3163 623 3232 ‘liber
665 3161 966 3229 ecclesiae
1010 3164 1180 3229 beati
1222 3164 1611 3243 Marcialis',
1654 3164 1911 3228 membr.
1940 3185 1990 3232 s.
2020 3164 2169 3226 XII.
2202 3165 2319 3243 in„
2357 3173 2493 3228 tum

246 3249 318 3312 in
358 3246 506 3330 fine
561 3248 718 3312 libri
775 3248 877 3330 VI,
930 3257 1063 3312 tum
1106 3250 1181 3313 in
1224 3248 1511 3334 singulis
1567 3247 1778 3312 verbis
1836 3248 1939 3311 ita
1980 3270 2125 3311 cum
2167 3246 2233 3310 B
2254 3247 2295 3311 2
2340 3269 2489 3311 con-

247 3333 441 3414 venit,
486 3341 576 3413 ut,
619 3332 1033 3396 Betbmanno
1055 3333 1309 3418 judice,
1340 3353 1422 3396 em
1451 3332 1567 3396 boc
1600 3330 1967 3415 descriptus
1998 3331 2083 3395 sit
2111 3332 2491 3395 censendus.

247 3416 514 3481 Indices
559 3417 793 3480 omisit.

446 3496 560 3645 2ὃέ
603 3500 668 3562 Β
695 3497 756 3562 3.
842 3500 1291 3564 Bernensis
1333 3498 1460 3562 Nr.
1493 3496 1596 3578 83,
1622 3497 1692 3582 f.
1730 3497 1850 3561 104
1878 3520 2033 3583 sqq„
2076 3498 2333 3563 membr.
2357 3496 2491 3583 fol.

245 3606 296 3647 s.
423 3631 445 3664 ,
474 3606 531 3668 p
562 3582 796 3647 uribus
836 3584 1142 3649 manibus
1185 3584 1318 3648 scri
1367 3591 1494 3662 tus,
1539 3583 1652 3647 cui
1676 3585 2028 3647 recentiore
2060 3592 2266 3648 aetate
2343 3605 2489 3646 rae-

243 3667 495 3753 liqatus
525 3675 617 3730 est
648 3667 824 3734 alius
859 3668 1060 3733 codex
1104 3667 1251 3732 olim
1341 3712 1356 3728 .
1388 3666 1681 3752 Remiqii
1706 3667 2047 3731 Remensis
2076 3665 2197 3752 (cf.
2300 3689 2492 3751 aqen,

246 3847 304 3916 1)
343 3847 682 3900 Praecedunt
718 3847 904 3899 Bedae
927 3845 1148 3899 historia
1186 3844 1493 3915 Anqlorum,
1547 3844 1767 3898 Daretis
1798 3843 2020 3898 historia
2061 3845 2316 3914 Troiana,
2360 3843 2492 3897 Gon·

243 3923 421 3974 sulum
457 3930 506 3974 et
557 3919 936 3986 imperatorum
985 3921 1277 3988 cataloyus,
1327 3919 1599 3986 spiatolae
1633 3918 1951 3985 Hieronymi
1995 3927 2044 3970 et
2094 3916 2343 3970 Senecae.
2419 3917 2491 3970 In

229 3996 344 4062 fine
382 3992 665 4046 voluminis
704 3999 912 4045 exstant
964 3992 1126 4045 Gesta
1171 3991 1442 4059 Apollonii
1493 4009 1703 4044 manca.
1776 3991 1985 4044 Eadem
2018 3990 2078 4042 in
2126 3990 2302 4044 codice
2338 3991 2489 4042 Mas-

245 4067 478 4120 ciacensi
514 4068 796 4134 conjuncta
821 4073 973 4118 erant
1003 4073 1126 4119 teste
1152 4067 1389 4133 cataloqo
1414 4081 1457 4116 s.
1483 4064 1621 4117 XII.
1646 4063 1706 4116 in
1730 4065 1845 4117 cod.
1896 4064 2151 4116 Vaticano
2192 4064 2293 4117 Nr.
2316 4064 2489 4114 3324.-

245 4141 492 4194 Historia
539 4140 831 4206 Anglorum
869 4141 1217 4191 Troianorum
1266 4140 1627 4190 Romanorum
1674 4138 2150 4204 Langobardorum
2201 4138 2491 4189 Gottonum

247 4216 303 4265 in
339 4231 446 4267 uno
488 4213 608 4266 cod.
650 4213 920 4266 BETHM.
1080 4209 1138 4278 2)
1178 4210 1468 4263 Muratorii
1519 4210 1908 4263 annotationem
1955 4208 2133 4262 minus
2182 4217 2491 4261 accuratam

247 4303 357 4340 csse
397 4288 494 4355 (cf.
539 4285 610 4338 N.
650 4283 848 4338 Archiv
887 4286 936 4349 I,
967 4303 1030 4352 p.
1072 4285 1225 4350 544),
1276 4285 1334 4336 V.
1391 4283 1466 4337 Ol.
1518 4283 1723 4348 Heller,
1774 4283 1948 4336 codice
1997 4281 2189 4335 iterum
2237 4279 2489 4348 inspecto,

245 4359 512 4426 probavit.
